2394 3912
571 204 733 256 ..ς-

140 363 348 448 έπιχειρησας
371 359 409 428 δέ
432 371 471 447 τῇ
494 367 686 450 τειχομαχίᾳ
707 361 807 449 μέχρι
830 365 943 448 δείλης
962 363 1061 442 ὀψίας
1079 363 1154 428 ἀπο-

139 471 294 555 κρούεται
312 470 394 553 πρὸς
412 479 479 535 νῦν
498 469 660 535 ἐναντίων
678 473 825 547 πολλοὺς
842 480 911 535 τῶν
931 471 1065 536 οἰκείων
1079 470 1153 536 ἀπο-

104 575 247 653 λλέσας.
282 585 321 661 τῇ
346 572 376 640 θ’
399 573 472 661 ἑξῆς
494 575 600 663 ἡμέρα
623 578 739 662 κριούς
762 600 796 641 τε
819 574 875 643 καλ
894 575 1000 662 γέρρα
1018 573 1074 640 καλ
1091 579 1151 640 κλί

141 707 246 768 μακας
278 682 554 767 εὐτρεπισάμενος
584 683 843 768 παρεσκευάζετο
877 679 940 768 μὲν
973 683 1019 760 ὡς
1049 682 1189 767 ἀπάσηιεο

114 799 180 874 ετῇ
209 790 349 872 δυνάμει
371 790 610 873 πειρασόμενος
632 799 690 874 τῆς
712 793 854 871 πόλεως,
883 788 1032 866 ἀνιούσας
1057 785 1087 854 θ’
1109 789 1150 852 ὅτι

140 901 245 981 πολλῇ
273 893 358 981 χειρὶ
386 893 567 979 μέλλουσιν
586 891 753 962 Ἀντιάται
776 900 920 981 βοηθεῖν
942 906 1014 972 τοὶς
1040 899 1151 980 Κορια

141 1007 256 1078 λανοῑς
282 1003 364 1067 κατά
381 1002 429 1094 τὸ
458 999 617 1085 συγγενὲς
643 1002 699 1068 καλ
723 1001 809 1068 εἰσὶν
833 1003 869 1068 οί
888 1000 1101 1087 πεμφθέντες
1121 1001 1152 1066 έν

142 1108 210 1197 ὁδῷ
233 1109 314 1192 ἢθη,
338 1111 475 1193 μερίσας
497 1109 557 1174 τὸν
581 1107 702 1175 ἑαυτοῦ
724 1111 869 1195 στρατὸν
892 1117 938 1196 τῷ
962 1106 1025 1193 μὲν
1048 1107 1152 1192 ἡμίσει

140 1225 346 1299 τειχομαχεῖν
370 1217 455 1298 ἔγνω
474 1217 573 1282 Τῖτον
587 1216 737 1302 Λάρκιον
760 1214 809 1281 ἐπ’
833 1217 937 1282 αὐτοῦ
955 1213 1153 1296 καταλιπών,

103 1311 187 1426 1ἕὲτηῦ
222 1319 259 1388 δὲ
293 1327 396 1412 λοιπρλ
429 1322 572 1388 κωλύειν
598 1325 677 1400 τοὺς
704 1322 857 1401 ἐπιόντας
884 1324 1058 1389 διενοεῖτο.
1105 1319 1154 1385 καλ

29 1445 34 1512 j
141 1430 293 1512 γίνονται
321 1429 383 1494 δύο
411 1437 469 1513 τῆς
496 1428 598 1514 αὐτῆς
624 1428 748 1515 ἡμέρας
776 1429 916 1513 ἀγῶνες·
943 1425 1102 1512 Ῥωμαῖοι
1124 1423 1151 1491 δ’

142 1534 262 1600 ἐνίκων
289 1535 446 1601 ἁπάντων
473 1533 536 1619 μέν
563 1536 747 1621 προθύμως
775 1533 1052 1619 ἀγωνισαμένων,
1085 1534 1155 1610 ἑνὸς

142 1640 172 1706 θ’
192 1641 314 1728 ἀνδρὸς
332 1644 473 1707 ἀπιστον
492 1641 614 1726 ἀρετὴν
632 1640 687 1708 καλ
705 1644 829 1718 παντὸς
848 1644 953 1726 λόγου
966 1644 1155 1728 κρείττονας
1194 1647 1195 1734 λ

142 1747 404 1832 ἀποδειξαμένου
427 1747 571 1833 πράξεις,
595 1747 631 1824 ὃς
653 1743 696 1831 ἦν
719 1745 781 1832 μὲν
804 1749 841 1814 έκ
863 1758 924 1814 τοῦ
946 1748 1069 1832 γένους
1092 1760 1155 1812 τῶν
1194 1739 1195 1770 ¹

45 1852 61 1882 q
103 1879 128 1922 ιε
141 1857 323 1938 πατρικίων
341 1851 397 1918 καλ
416 1853 477 1919 ούκ
496 1853 633 1938 ἀσήμων
651 1853 814 1939 πατέρων,
838 1854 984 1922 έκαλεῖτο
1006 1851 1044 1920 θλ
1058 1856 1150 1929 Γάιος
1194 1849 1195 1854 ’

144 1961 307 2046 Μάρκιος,
330 1961 476 2046 σώφρων
500 1957 538 2026 δὲ
560 1961 620 2025 τὸν
642 1955 721 2026 καθ’
742 1960 869 2047 ἡμέραν
891 1964 969 2044 βίον
993 1961 1081 2046 ἀνὴρ
1105 1960 1156 2026 καὶ
1194 1953 1195 2002 7

143 2070 356 2153 φρονήματος
383 2065 565 2152 ἐλευθέρου
592 2069 717 2151 μεστός.
765 2067 895 2150 ἐγένετο
924 2066 955 2134 θ’
987 2068 1007 2134 ὁ
1035 2071 1156 2154 τρόπος

142 2183 199 2258 τῆς
222 2172 374 2260 ἑκατέρας
397 2174 502 2258 μάχης
524 2174 669 2238 τοιόσδε·
702 2173 720 2240 ὁ
744 2170 806 2258 μὲν
820 2175 969 2259 Λάρκιος
987 2174 1156 2258 ἐξαγαγὼν

142 2281 203 2364 την
227 2280 384 2365 στρατιάν
407 2273 463 2362 ἀμ’
484 2276 590 2365 ἡμέρᾳ
612 2288 758 2365 προσῆγε
781 2292 851 2358 τοῖς
872 2283 996 2366 τείχεσι
1014 2290 1076 2366 τῆς
1093 2285 1169 2346 Καὶ

103 2413 130 2455 εο
144 2390 258 2473 ριόλας
279 2384 335 2452 καὶ
357 2387 440 2452 κατά
462 2388 608 2463 πολλοὺς
630 2389 753 2464 τόπους
775 2386 917 2453 ἐποιεῖτο
935 2390 995 2464 τάς
1012 2393 1157 2473 προσβο-

142 2496 216 2572 λάς·
248 2495 283 2558 οί
304 2489 341 2558 δέ
364 2493 568 2578 Κοριολάνοι
591 2491 674 2576 μέγα
697 2501 904 2578 φρονοῦντες
927 2491 982 2560 έπλ
1004 2504 1044 2578 τῇ
1067 2498 1159 2580 παρὰ

142 2613 210 2667 τῶν
230 2598 407 2667 Ἀντιατῶν
429 2602 582 2687 βοηθείᾳ,
605 2599 649 2683 ἣν
672 2599 713 2666 ού
736 2601 792 2666 θιά
810 2610 940 2686 μακροῦ
959 2605 1058 2686 σφίσι
1077 2625 1157 2688 παρ-

143 2708 281 2776 έσεσθαι
304 2707 492 2789 ἐπίστευον,
519 2706 709 2785 ἀνοίξαντες
732 2706 861 2784 ἁπάσας
882 2709 941 2784 τὰς
963 2709 1078 2786 πύλας
1102 2712 1157 2795 ὥρ-

107 2825 253 2902 4μησαν
281 2813 334 2880 ἐπὶ
361 2816 440 2891 τοὺς
466 2817 645 2899 πολεμίους
672 2813 804 2899 ἀθρόοι.
845 2811 1003 2898 Ῥωμαῖοι
1033 2813 1075 2882 δὲ
1104 2819 1155 2901 τὴν

103 2950 129 2992 νε
143 2921 205 3009 μέν
232 2922 367 3008 πρώτην
391 2923 517 3006 ἔφοθον
540 2921 650 2986 αὐτῶν
673 2920 827 2999 ἐδέξαντο
850 2919 905 2987 καὶ
926 2924 1062 3001 πολλάς
1086 2931 1155 3006 πλη-

142 3034 204 3118 χάς
234 3041 305 3108 τοῖς
336 3030 436 3114 ὁμόσε
470 3036 638 3112 χωροῦσιν
671 3028 808 3111 ἔδοσαν,
846 3031 956 3094 ἔπειτα
990 3034 1154 3096 πλειόνων
1194 3013 1195 3016 ¹

143 3137 305 3203 ἐπιόντων
334 3136 524 3219 ὠθούμενοι
547 3137 629 3199 κατὰ
651 3143 800 3218 πρανοῦς
822 3138 947 3220 χωρίου
972 3135 1159 3204 ἐνέκλιναν.

215 3330 232 3378 4
250 3325 345 3395 *πάση
365 3327 386 3380 0
464 3332 480 3378 9
499 3327 676 3381 καταλειπὼν
694 3326 740 3380 Ba
818 3331 849 3380 11
866 3324 998 3396 Ῥωμαῖοι
1016 3327 1050 3383 θ’
1071 3333 1163 3402 ἀμφι·

144 3393 241 3463 τέρουε
260 3392 359 3450 ἐνίκων
378 3412 401 3449 α.
420 3395 523 3449 Reiske
582 3403 615 3451 12
634 3396 811 3453 *πάντωνΟ
872 3402 905 3452 15
925 3399 1027 3470 yssawc
1047 3401 1075 3454 B
1134 3409 1163 3456 18

146 3464 261 3533 μάρκιος
280 3463 302 3516 Ο
322 3482 390 3521 corr.
410 3465 531 3534 Sylburg
602 3475 636 3530 23
655 3467 788 3532 πάσαςΟ
