2384 3902
453 215 619 266 -Ε-
980 213 1045 278 247

9 385 182 458 ιιοαγαγεῑν,
200 375 221 458 ἣ
240 375 365 453 πάντας
379 377 515 459 ἔμελλεν
528 374 614 463 ἕξειν
627 372 688 459 ὑφ’
705 373 804 461 ἑαυτῇ
818 378 898 453 τοὺς
911 378 1045 460 νόμους.

40 478 89 545 καὶ
109 480 230 567 γράφει
248 482 494 568 προβούλευμα,
519 479 563 546 δι’
586 475 627 547 οὗ
646 480 947 567 παρακρουσαμένη
966 484 1082 568 τοὺς4

40 587 173 671 πένητας
204 585 260 653 καὶ
291 588 351 653 τὸν
383 590 584 671 βεβαιοῦντα
613 589 675 672 τὴν
701 587 902 675 ἐλευθερίαν
931 588 1045 666 αὐτοῖς

40 698 137 779 νόμον
152 693 317 760 ἀνελοῦσα
332 696 462 760 ἔλαθεν.
489 690 533 778 ἦν
547 691 585 760 δὲ
598 695 636 760 τὸ
649 696 884 779 προβούλευμα
897 696 1045 760 τοιόνδε·

41 801 182 886 Λάρκιον
203 796 265 884 μὲν
283 798 338 865 καὶ
352 803 513 866 Κλοίλιον
530 803 610 878 τοὺς
628 803 701 866 τότε
719 800 945 879 ὑπατεύοντας
963 799 1072 866 ἀπο-ο

40 905 157 971 θέσθαι
174 893 250 990 ’τὴν
282 905 453 990 ἐξουσίαν,
485 904 541 972 καὶ
573 913 607 972 εί
631 929 682 984 τις
710 907 809 985 ἀλλος
836 906 942 993 ἀρχήν
970 930 1045 973 τινα

41 1007 119 1097 εἶχεν
145 1011 167 1096 ἣ
190 1013 392 1099 πραγμάτων
414 1023 518 1079 τινῶν
540 1023 665 1079 κοινῶν
688 1012 888 1098 ἐπιμέλειαν·
926 1013 985 1079 ἕνα
1010 1010 1041 1079 δ’

40 1119 149 1205 ἀνδρα,
174 1118 214 1184 δν
237 1118 279 1184 ἀν
302 1121 323 1204 ἥ
345 1143 381 1185 τε
403 1121 509 1204 βουλὴ
532 1117 711 1203 προέληται
734 1117 789 1184 καὶ
812 1119 830 1185 ὁ
854 1122 959 1204 δῆμος
977 1120 1046 1186 ἐπι-

40 1227 177 1310 ψηφίσῃ,
210 1226 272 1309 τὴν
300 1225 457 1292 ἁπάντων
485 1224 639 1304 ἐξουσίαν
666 1227 903 1312 παραλαβόντα
930 1227 1046 1312 άργειν

40 1332 78 1414 μὴ
90 1334 227 1397 πλείονα
240 1333 365 1416 χρόνον
380 1330 555 1417 ἑξαμήνου,
570 1334 743 1416 κρείττονα
758 1330 912 1409 ἐξουσίαν
926 1334 1045 1417 ἔχοντα
1059 1351 1087 1391 1⁰

40 1447 99 1501 τῶν
120 1437 265 1504 ὑπάτων.
306 1433 396 1504 τοῦτ’
418 1437 651 1521 ἀγνοήσαντες,
674 1437 718 1521 ἣν
742 1440 808 1521 ἔχει
831 1438 988 1522 δύναμιν,
1012 1438 1047 1503 οί
1058 1440 1080 1505 5

41 1541 203 1627 δημοτικοὶ
221 1547 422 1628 ψηφίζονται
441 1545 540 1625 κύρια
559 1539 646 1610 είναι
659 1544 699 1609 τά
714 1543 856 1623 δόξαντα
869 1552 909 1628 τῇ
923 1547 1044 1628 βουλῇ·

40 1644 77 1731 ἦν
104 1645 137 1715 δ’
167 1652 232 1735 άρα
258 1650 279 1733 ἡ
303 1653 460 1736 κρείττων
483 1650 566 1735 ἀρχὴ
590 1660 647 1734 τῆς
669 1650 751 1715 κατά
775 1649 896 1734 <τοὺς>
918 1652 1044 1735 νόμους

40 1759 200 1840 τυραννίς·
232 1759 293 1840 τήν
321 1780 356 1822 τε
384 1757 513 1842 αἵρεσιν
540 1766 601 1822 τοῦ
629 1755 809 1841 μέλλοντος
837 1758 951 1844 άρχειν
973 1767 1044 1836 τοίς

41 1859 71 1924 έκ
82 1871 140 1927 τοῦ
154 1863 336 1948 συνεδρίου
350 1863 589 1949 συνεχάρησαν
608 1863 722 1939 αὐτοῖς
740 1857 794 1946 ἐφ’
817 1861 944 1928 ἑαυτῶν
963 1867 1043 1948 βου·
1058 1882 1084 1922 1⁵

40 1967 222 2053 λουομένοις
243 1973 458 2054 ποιήσασθαι.

99 2075 210 2141 LXXI.
243 2077 339 2141 Μετὰ
370 2085 469 2142 τοῦτο
500 2077 607 2159 πολλὴ
638 2078 768 2160 ζήτησις
795 2074 946 2141 ἐνέπιπτε
974 2088 1045 2154 τοῖς

40 2184 249 2264 προεστηκόσι
278 2191 336 2266 τῆς
363 2186 487 2266 βουλῆς
513 2179 569 2246 καὶ
591 2183 734 2266 πρόνοια
756 2178 832 2268 περὶ
854 2191 915 2247 τοῦ
937 2203 1044 2269 παρα-

41 2286 222 2371 ληψομένου
253 2289 315 2372 τὴν
346 2289 537 2373 ἡγεμονίαν.
584 2287 693 2353 ἐδόκει
724 2289 788 2372 γὰρ
821 2287 935 2365 αὐτοῖς
963 2289 1043 2373 δρα·
1112 2273 1119 2286 ’

42 2396 168 2478 στηρίου
195 2391 225 2458 τ’
257 2394 381 2479 ἀνδρὸς
407 2396 455 2471 είς
477 2396 518 2460 τά
540 2395 715 2482 πράγματα
739 2395 812 2460 δεῖν
834 2392 889 2459 καὶ
911 2397 1042 2479 πολλὴν
1056 2415 1084 2454 so

10 2504 101 2563 νικῶν
128 2504 314 2583 πολεμικῶν
342 2499 484 2583 ἀγώνων
511 2501 684 2585 ἐμπειρίαν
711 2503 860 2584 ἔχοντος,
893 2502 978 2586 πρὸς
1005 2498 1043 2567 δὲ

41 2605 161 2682 τούτοις
183 2609 353 2692 φρονίμου
376 2629 410 2671 τε
433 2604 488 2672 καὶ
506 2607 684 2692 σώφρονος
701 2605 757 2672 καὶ
775 2604 880 2692 μηδὲν
898 2608 963 2674 ὑπὸ
982 2617 1045 2674 τοῦ

43 2711 195 2793 μεγέθους
220 2721 278 2796 τῆς
306 2711 462 2791 ἐξουσίας
485 2711 538 2778 ἐπὶ
560 2715 598 2778 τὸ
621 2712 765 2798 ἀνόητον
788 2713 1045 2800 παραχθησομέ-

42 2837 109 2880 νου·
131 2815 213 2905 ὑπὲρ
236 2819 366 2884 ἅπαντα
390 2815 427 2884 δὲ
449 2828 553 2884 ταῦτα
575 2817 631 2884 καὶ
653 2813 756 2885 τᾶλλα
779 2820 843 2885 ὅσα
867 2821 919 2885 δεῖ
940 2839 1043 2906 προσ-

43 2932 118 2987 εῖναι
144 2925 380 3010 στρατηλάταις
405 2924 547 3008 ἀγαθοῖς
577 2907 692 3010 ἀρχειν
725 2925 889 3012 ἐγκρατῶς
917 2928 1044 3003 εἰδότος
1058 2942 1085 2988 25

44 3027 92 3092 καί
116 3029 223 3114 μηθὲν
251 3032 400 3116 μαλακὸν
428 3031 636 3108 ἐνδώσοντος
662 3042 732 3109 τοῖς
758 3017 973 3115 ἀπειθοῦσιν,
1003 3027 1044 3096 οὗ

44 3133 171 3214 μάλιστα
199 3136 235 3203 ἐν
262 3145 308 3225 τῷ
337 3139 477 3223 παρόντι
505 3135 648 3203 ἐδέοντο.
693 3137 823 3202 ἅπαντα
847 3134 877 3202 δ’
901 3137 1078 3222 δρῶντες2

106 3332 119 3379 7
137 3337 222 3384 τινῶν
241 3329 305 3385 εδδ.
320 3330 343 3382 Β
393 3335 409 3384 8
427 3332 494 3399 post
513 3330 601 3399 δῆμος
618 3327 720 3382 lacuna
739 3333 808 3383 8-9
828 3327 884 3384 litt
903 3329 934 3382 in
951 3345 1005 3383 ras.
1020 3328 1045 3382 A

47 3387 234 3468 έπιηηφίσεται
252 3400 278 3453 A
314 3396 516 3470 ἐπιψηφίσηΒ
573 3406 605 3453 13
625 3399 698 3452 κατὰ
716 3397 856 3468 νόμουςΟ
893 3399 967 3454 κατὰ
980 3401 1046 3464 τοῦς

46 3462 135 3534 νόμους
151 3469 254 3524 Βεὶεκο
331 3477 363 3526 14
380 3472 549 3541 τυραννίδος
567 3469 589 3522 0
626 3471 759 3538 τυραννίς
776 3467 921 3539 Kiessling
