2400 3912
144 227 207 291 142
571 227 734 277 -Ε-

143 392 284 476 δωρεαῖς
306 389 361 456 καὶ
386 386 430 455 δι’
453 387 591 454 ἐκείνων
614 385 668 453 ἐπὶ
690 388 753 471 τὴν
776 386 957 471 ἐκκλησίαν
980 383 1185 473 παραχθεὶςύι

142 499 204 580 τήν
230 520 265 562 τε
291 493 489 580 συγγένειαν
513 493 721 559 ἀνενεώσατο
744 494 807 578 την
829 493 1052 578 ὑπάρχουσαν
1077 493 1155 580 αύτῷ

142 605 227 690 πρὸς
252 605 313 687 την
340 602 439 667 πόλιν
467 597 522 665 καὶ
549 600 607 676 τδις
634 599 827 686 εὐεργεσίας
854 599 1050 684 διεξῆλθεν,
1084 598 1155 676 δςδ

143 710 275 786 πάππος
298 709 402 775 αὐτοῦ
424 707 544 783 πάσαις
567 705 743 791 ἐχαρίσατο
766 716 840 783 ταῖς
858 706 895 772 ἐν
914 709 1093 793 Τυρρηνίᾳ
1111 709 1156 771 πό-

122 821 226 898 ελεσι,
245 812 301 880 καὶ
319 815 377 890 τὰς
391 815 564 896 συνθήκας
584 811 842 897 ὑπεμίμνησκεν,
867 811 906 890 δς
924 807 1013 896 ἦσαν
1031 835 1156 897 πεποιη-

143 920 238 1006 μένοι
260 921 344 1004 πρὸς
367 919 481 984 αὐτόν·
516 917 569 985 ἐπὶ
593 917 630 985 δέ
652 921 785 998 τούτοις
807 921 911 985 ἅπασι
933 929 993 1004 τῆς
1016 925 1155 1003 κατειλη-

144 1029 246 1111 φυίας
274 1025 376 1091 αὐτὸν
404 1025 552 1111 ὠδύρετο
574 1026 690 1111 τύχας,
718 1027 764 1103 ώς
786 1026 823 1093 ἐκ
845 1027 992 1112 μεγάλης
1017 1026 1156 1092 ἐκπεσών

144 1130 359 1216 εὐδαιμονίας
381 1131 418 1198 ἐν
440 1131 547 1219 ἡμέρα
571 1140 630 1220 μιᾷ
653 1134 780 1216 πλάνης
803 1131 858 1198 καὶ
880 1141 951 1198 τών
972 1133 1155 1217 ἀναγκαίων

145 1236 260 1320 ε’νδεης
298 1239 362 1302 σὺν
393 1239 481 1314 υίοῑς
516 1220 643 1320 τρισὶν
660 1236 713 1304 ἐπὶ
744 1242 825 1316 τοὺς
857 1237 912 1324 ἐφ’
945 1237 1055 1330 ἑαυτῷ
1089 1263 1154 1305 ποτε

107 1319 134 1445 ᾗ
143 1340 345 1427 γενομένους
365 1343 563 1427 ἠναγκάσθη
586 1356 802 1429 καταφυγεῖν.
834 1344 1020 1424 διεξελθὼν
1045 1341 1079 1410 δ’
1103 1342 1155 1412 ώδε

143 1458 246 1515 ταῦτα
269 1451 350 1534 μετά
371 1455 505 1516 πολλῶν
529 1456 650 1516 οίκτων
671 1450 780 1516 τεκαὶ
800 1454 958 1539 δακρύων
977 1455 1089 1520 ἔπεισε
1107 1455 1154 1518 τόν

144 1557 251 1641 δῆμον
282 1554 437 1642 πρέσβεις
469 1557 661 1623 ἀποστεῖλαι
690 1569 825 1645 πρῶτον
852 1561 900 1636 είς
922 1555 1056 1645 Ῥώμην
1085 1576 1154 1644 συμ-

144 1666 323 1747 βατηρίους
350 1661 515 1748 φέροντας
542 1660 626 1749 ὑπὲρ
650 1664 755 1730 αὐτοῦ
778 1668 916 1749 λόγους,
946 1666 991 1742 ὡς
1016 1667 1059 1750 δὴ
1083 1683 1153 1750 συμ-

144 1771 357 1852 πραττόντων
390 1769 479 1857 αύτρλ
512 1779 579 1835 τών
608 1770 764 1836 δυνατῶν
796 1771 928 1846 ἐκεῖθεν
957 1769 1014 1837 καὶ
1044 1778 1153 1856 συλλη-

109 1899 135 1940 15
144 1872 300 1959 ψομένων
319 1883 377 1958 τῆς
394 1877 556 1941 καθόδου.
591 1875 861 1962 ἀποδειχθέντων
881 1875 918 1944 δὲ
936 1883 1153 1966 πρεσβευτῶν,

146 1979 204 2056 οὓς
232 1979 331 2055 αύτὸς
353 1982 539 2066 προείλετο,
571 1979 706 2059 διδάξας
728 1984 808 2059 τοὺς
830 1983 957 2070 ἄνδρας
981 1981 1002 2047 δ
1024 1985 1088 2070 χρη
1110 1983 1186 2048 λε’-ευ]

145 2110 217 2170 γειν
240 2110 275 2152 τε
298 2083 353 2151 καὶ
375 2086 546 2173 πράττειν,
569 2083 625 2152 καὶ
648 2089 737 2173 παρά
759 2098 827 2153 τών
851 2091 916 2155 σὺν
940 2089 1032 2178 αύτῷ
1057 2090 1153 2174 φυγά-

145 2195 215 2258 δων
238 2193 413 2280 γράμματα
435 2194 517 2270 δούς
535 2194 665 2277 δεήσεις
683 2196 801 2280 ἔχοντα
818 2198 903 2283 πρὸς
919 2199 1001 2275 τοὺς
1020 2198 1153 2271 οίκείους

145 2301 256 2366 αὐτῶν
277 2298 345 2366 καί
357 2303 488 2385 φίλους,
512 2297 681 2366 ἀπέστειλε
701 2299 865 2387 φέροντάς
883 2327 916 2368 τι
934 2301 992 2368 καὶ
1010 2308 1151 2391 χρυσίον.

50 2458 53 2472 ,
109 2435 135 2473 20
211 2406 288 2472 IIII.
323 2403 425 2472 Οὗτοι
450 2407 484 2472 οί
504 2408 624 2493 ἄνδρες
647 2410 694 2484 είς
711 2404 839 2494 Ῥώμην
862 2409 1024 2489 ἐλθόντες
1047 2415 1151 2496 ἐλεγον

145 2513 198 2581 ε’πλ
227 2524 284 2598 τῆς
311 2518 449 2598 βουλῆς,
474 2511 545 2579 Ὅτι
575 2515 761 2600 Ταρκύνιος
788 2514 877 2594 ἀξιοῖ
902 2518 1017 2602 λαβὼν
1046 2519 1151 2584 άδειαν

146 2621 259 2686 ἐλθεῖν
296 2623 360 2686 σὺν
396 2621 522 2703 ὀλίγοις
552 2631 686 2707 πρῶτον
717 2618 779 2705 μέν
811 2620 865 2687 ἐπὶ
897 2625 934 2688 τὸ
968 2625 1149 2712 συνέδριον,

146 2728 255 2814 ὥσπερ
279 2725 348 2793 ἐστὶ
371 2729 514 2792 δίκαιον·
548 2722 647 2792 ἔπειτ’
668 2726 710 2793 δν
734 2727 819 2814 λάβῃ
842 2731 933 2815 παρά
955 2739 1015 2815 τῆς
1037 2735 1150 2816 βουλῆς

144 2836 182 2899 τὸ
202 2835 403 2920 συγχώρημα
420 2836 494 2899 τότε
512 2832 567 2900 καὶ
586 2832 639 2900 ἐπὶ
657 2835 719 2918 τὴν
736 2834 913 2919 ἐκκλησίαν
927 2835 1044 2902 ἐλθεῖν
1058 2840 1148 2920 λόγον

105 2961 131 3003 25
145 2939 279 3027 ύφέξων
302 2937 385 3027 ὑπὲρ
409 2941 564 3006 ἁπάντων
588 2935 636 3006 ὧν
657 2941 808 3025 ἔπραξεν,
831 2939 890 3024 ἀφ’
911 2937 954 3008 οὗ
972 2943 1037 3027 τὴν
1055 2943 1147 3030 ἀρχὴν

144 3047 324 3137 παρέλαβε,
356 3046 412 3134 κμδ
444 3049 613 3126 δικασταῖς
644 3050 849 3135 χρησόμενος
881 3047 940 3114 ἐάν
972 3072 1024 3127 τις
1055 3050 1146 3116 αὐτοῦ

217 3283 271 3331 1π
290 3275 452 3346 οαχθελςΒ
488 3274 647 3346 παραχθείς
669 3277 694 3329 R
784 3271 866 3331 6ἐπλ
888 3275 965 3330 ABb
1004 3273 1065 3333 ἐπεὶ
1083 3277 1142 3344 Ba!

145 3347 276 3400 άπαοιΑ
307 3348 326 3399 b
363 3347 452 3400 άπασ.
471 3346 517 3400 Ba
572 3343 655 3416 9ἐφ’
673 3341 762 3419 ἐαυτῷ
782 3346 835 3400 ΑΒ
871 3342 1075 3417 ὑφ’ἓαντώΒ
1115 3352 1142 3398 15

146 3423 201 3467 τῶν
219 3418 395 3486 πρεσβευτῶν
413 3416 439 3469 Α
509 3423 542 3497 λ1
563 3418 691 3540 ραοιλεδς
711 3418 867 3485 Ταρκύνιος
930 3425 964 3474 23
984 3403 1097 3475 *ἐπειτα
1111 3415 1142 3470 άν

149 3483 170 3535 Ο
243 3489 278 3536 24
297 3480 391 3539 ἐλθεῖν
410 3485 463 3540 del.
481 3485 563 3540 Kless
576 3487 625 3556 ing
