2400 3912
139 207 184 271 44
568 211 731 260 -Δ-

141 371 230 453 παρά
252 380 320 435 τῶν
343 369 571 454 ἐπισταμένων
595 370 745 454 ἀκούειν,
770 369 806 436 ἐκ
828 381 897 436 τῶν
919 371 1138 454 δεσμωτηρίων

141 475 379 560 ἐξεληλυθότες
411 476 532 561 ἀρτίως
562 486 746 564 κακοῦργοι
778 478 908 563 μυρίων
940 475 1015 554 ἀξια
1045 476 1138 540 διαπε-

141 582 324 669 πραγμένοι
351 585 519 650 θανάτων.
557 586 604 662 είς
633 586 774 662 τούτους
801 569 915 669 μέντοι
937 586 1017 660 τοὺς
1041 583 1139 648 δυσεκ-

140 691 331 777 καθάρτους
362 694 502 769 σπίλους
533 691 569 756 ἐκ
600 701 658 775 τῆς
689 694 816 768 πόλεως
848 691 1090 774 ἀποβλέποντες
1116 688 1141 753 οί

105 820 118 860 5
140 795 258 862 πολλοὶ
286 799 545 882 δυσχεραίνουσι
572 797 628 864 καί
650 797 896 884 προβέβληνται
917 799 955 862 τὸ
979 800 1075 879 ἔθος,
1103 796 1169 872 ὡςσυ

142 903 183 968 ού
205 902 332 988 πρέπον
355 903 536 990 ἡγεμονικῇ
556 907 651 970 πόλει
669 903 723 970 καί
742 906 866 982 παντὸς
884 905 999 991 ἀργειν
1018 901 1141 986 ἀξιούσῃ

107 996 246 1074 7τόπου
282 1011 456 1088 τοιούτους
486 1017 659 1077 ποιεῖσθαι
691 1015 836 1088 πολίτας.
874 1013 944 1096 ἔχοι
977 1007 1007 1076 δ’
1034 1011 1077 1074 ἀν
1104 1033 1142 1084 τις

140 1116 248 1180 πολλά
279 1114 334 1181 καὶ
367 1118 450 1182 ἀλλα
482 1119 654 1201 διαβαλεῖν
683 1121 745 1202 ἔθη
773 1122 881 1195 καλῶς
907 1113 969 1201 μὲν
997 1116 1062 1181 ὑπὸ
1089 1127 1143 1180 τῶν

141 1219 288 1306 ἀρχαίων
315 1222 552 1308 ἐπινοηθέντα,
582 1235 690 1302 κακῶς
713 1222 744 1289 δ’
767 1225 832 1290 ὑπὸ
856 1235 923 1291 τῶν
946 1232 1011 1290 νῦν
1036 1223 1143 1306 ἐπιτρι-

105 1329 274 1412 ιοβύμενα.
317 1329 381 1414 ἐγὼ
413 1327 449 1395 δέ
478 1332 538 1396 τὸν
567 1334 674 1416 νόμον
702 1340 823 1397 τοῦτον
851 1331 914 1396 ούκ
941 1337 1054 1414 οίομαι
1085 1331 1144 1393 δεῖν

142 1434 308 1521 ἀναιρεῖν,
340 1440 385 1521 μή
416 1460 448 1501 τι
480 1441 592 1521 μεῖζον
625 1437 747 1523 ἐκραγῇ
779 1445 824 1526 τῷ
852 1445 956 1526 κοινῷ
981 1435 1025 1502 δι’
1053 1436 1143 1501 αύτοῦ

140 1545 256 1607 κακόν·
293 1543 571 1628 ἐπανορθοῦσθαι
603 1542 717 1628 μέντοι
749 1542 836 1628 φημί
863 1545 936 1609 δεῖν
962 1545 1003 1608 τά
1031 1543 1145 1607 δυνατὰ

140 1647 196 1712 καὶ
224 1650 267 1732 μη
295 1659 455 1735 περιορᾶν
483 1651 596 1734 ὀνείδη
620 1651 746 1735 μεγάλα
768 1649 824 1715 καί
848 1650 975 1734 ῥύπους
998 1651 1145 1714 δυσεκκα-

106 1753 290 1837 8θάρτους
313 1758 359 1832 είς
382 1757 443 1839 τὴν
466 1761 636 1823 πολιτείαν
660 1755 904 1843 εἰσαγομένους.
941 1754 996 1820 καί
1017 1756 1145 1840 μάλιστα

51 1851 56 1860 ’
106 1884 132 1923 15
142 1853 203 1940 μὲν
235 1863 314 1938 τοὺς
344 1865 480 1947 τιμητὰς
513 1862 684 1948 ἀξιώσαιμ’
715 1863 757 1929 ἀν
789 1865 911 1929 τούτου
942 1871 1003 1926 τοῦ
1036 1859 1146 1946 μέρους

141 1977 313 2050 προνοεῖν·
336 1971 368 2033 εί
390 1966 427 2033 δέ
445 1972 489 2054 μή
509 1972 601 2055 <γε>,
623 1973 702 2047 τοὺς
721 1971 879 2047 ὑπάτους·
904 1971 957 2034 δεῖ
971 1969 1036 2054 γάρ
1055 1967 1146 2054 ἀρχῆς

140 2092 233 2148 τινος
260 2075 414 2158 μεγάλης·
448 2079 483 2140 οἳ
507 2079 586 2153 τοὺς
613 2071 693 2142 καθ’
714 2076 854 2142 ἕκαστον
883 2076 1039 2141 ἐνιαυτὸν
1067 2074 1147 2138 ἐλευ-

140 2177 266 2264 θέρους
288 2181 487 2266 γινομένους
510 2181 713 2266 ἐξετάσουσι,
739 2187 828 2261 τίνες
851 2185 945 2260 ὄντες
967 2179 1023 2246 καὶ
1047 2182 1150 2246 διὰτί

141 2283 196 2351 καλ
223 2298 292 2366 πῶς
314 2289 615 2375 ἠλευθερώθησαν,
645 2291 754 2374 ὥσπερ
777 2313 815 2372 γε
837 2292 916 2366 τοὺς
938 2300 1006 2354 τῶν
1031 2286 1149 2353 ἱππέοιν

105 2392 196 2458 εοκαί
218 2399 297 2473 τοὺς
319 2406 387 2460 τῶν
405 2399 597 2480 βουλευτῶν
616 2391 711 2479 βίους
730 2395 949 2474 ἐξετάζουσιν·
973 2390 1081 2460 ἔπειθ’
1097 2392 1148 2468 οὓς

141 2495 202 2583 μέν
230 2498 272 2564 άν
300 2501 445 2585 εύροισιν
468 2501 581 2580 ἀξίους
602 2510 660 2585 τῆς
683 2505 809 2578 πόλεως
832 2502 946 2584 ὄντας,
974 2503 1022 2578 είς
1045 2501 1182 2585 φυλάςλῡι

140 2606 392 2691 καταγράψουσι
419 2604 474 2671 καὶ
501 2606 615 2692 μένειν
644 2607 829 2691 ἐφήσουσιν
857 2607 894 2672 ἐν
916 2615 957 2692 τῇ
979 2610 1085 2673 πόλει·
1116 2607 1149 2669 τὸ

142 2705 179 2773 δὲ
212 2711 334 2796 μιαρὸν
365 2711 421 2778 καλ
453 2713 647 2799 ἀκάθαρτον
679 2718 789 2797 φῦλον
818 2714 1018 2797 ἐκβαλοῦσιν
1042 2713 1077 2779 ἐκ
1098 2720 1151 2794 τῆς

141 2818 269 2894 πόλεως
296 2817 455 2905 εὐπρεπὲς
482 2822 588 2905 ὄνομα
611 2827 657 2907 τῷ
681 2820 847 2906 πράγματι
868 2819 1033 2904 τιθέντες,
1064 2819 1150 2884 ἀποι-

214 3054 230 3100 4
249 3049 347 3110 πίλους
366 3047 388 3102 O
413 3063 481 3102 corr.
502 3047 623 3118 Sylburg
648 3050 652 3117 Ι
677 3045 927 3117 δυσεκκαθάρτους
950 3047 1005 3103 del.
1025 3045 1151 3102 Schnelle
1183 2997 1184 3092 ί

140 3137 167 3188 p.
189 3114 290 3190 13Ιέκ
310 3118 363 3172 del.
384 3117 590 3173 OobetMnem.
610 3119 693 3188 IXp.
714 3125 766 3174 322
823 3118 906 3174 6καί
925 3119 1021 3172 om.B
1076 3124 1105 3171 11
1120 3116 1184 3182 τὸί

141 3189 239 3243 κοινὸν
256 3190 282 3242 Α
335 3195 368 3243 16
388 3188 416 3243 εί
432 3186 464 3244 δὲ
483 3190 562 3260 μὴΟ
599 3209 630 3260 γε
650 3190 714 3245 add.
733 3189 878 3259 Kiessling
937 3197 969 3246 18
988 3187 1152 3260 γενομένους
1183 3199 1184 3238 ί

141 3275 165 3312 ο.
183 3257 327 3328 Kjessling
398 3267 431 3314 19
450 3259 542 3330 ὥσπερ
562 3261 610 3316 καὶ
629 3261 717 3316 Cobet
735 3261 799 3320 obs.
820 3279 847 3331 p.
867 3267 900 3316 81
973 3267 1007 3316 21
1027 3261 1152 3330 φύλακας

141 3328 164 3379 Β
202 3329 292 3395 φυλὰς
310 3330 335 3382 R
351 3333 355 3398 Ι
371 3331 421 3384 καί
439 3331 566 3402 φρατράς
585 3332 648 3387 add.
668 3331 812 3400 Kiessling
871 3338 904 3386 22
925 3331 1082 3402 ἀφήσουσιν
1099 3328 1150 3382 ΑΒ

143 3393 296 3519 ἐύσείυσιν
315 3399 460 3468 Kiessling
531 3409 565 3455 ‘24
584 3401 684 3464 θέντες
701 3404 727 3456 Α
762 3399 931 3465 τιθέντεςΒ
965 3399 1108 3474 ἐπυθέντες
1126 3415 1149 3451 c.

167 3482 223 3519 mss
235 3484 285 3534 mg
