2394 3912
391 234 601 314 ,-5-
916 233 1031 300 ’337

12 410 17 457 ι
79 395 112 459 L.
144 385 207 460 Ὧν
243 393 400 479 ἑκάτερον
433 394 514 477 ὅσης
547 391 615 459 ἐστί
643 395 765 479 μεστὸν
793 395 965 479 εὐηθείας,
999 395 1032 475 ἐξ

16 500 120 566 αὐτῶν
148 500 239 585 ὑμᾶς
267 495 442 584 ἀξιώσαιμ’
469 499 511 565 ἀν
539 503 642 584 ἔγωγε
669 513 737 566 τῶν
765 503 873 587 ἔργων
896 513 1033 568 σκοπεῖν

17 606 287 692 ἐνθυμηθέντας,
321 607 372 672 ὅτι
407 607 715 674 διαστασιασάντων
744 609 827 694 πρὸς
854 608 940 693 ὑμᾶς
965 621 1034 674 τῶν

16 713 259 800 ταπεινοτέρων
290 715 348 780 διὰ
375 716 456 790 τοὺς
484 715 561 779 οὔτε
588 719 763 790 πολιτικῶς
791 715 868 780 ούτε
895 717 1035 800 μετρίως

17 830 81 896 ταῖς
103 821 262 906 ἀτυχίαις
279 819 521 908 χρησαμένους,
545 818 600 886 καί
618 821 954 907 ὑπαναχωρησάντων
972 817 1061 905 μὲνε

18 925 48 992 έκ
68 936 126 1011 τῆς
148 931 293 1010 πόλεως,
317 928 400 993 άλλο
423 924 461 992 δὲ
480 913 585 1010 μηδὲν
604 926 689 1010 ὑμᾶς
708 927 821 992 δεινὸν
840 931 920 1012 μήτε
939 927 1035 1013 ἐργα-

19 1031 159 1117 ζομένων
183 1039 267 1119 μήτε
291 1029 563 1117 διανοουμένων,
592 1030 664 1097 ἀλλ’
687 1032 732 1109 ὡς
755 1034 1036 1119 διαλλαγήσονται

19 1139 111 1226 χωρὶς
140 1142 309 1225 αἰσχύνης
337 1139 571 1222 σκοπούντων,
602 1138 776 1223 ἀγαπητῶς
801 1139 974 1224 δεξάμενοι
996 1141 1035 1206 τὸ

20 1248 144 1332 συμβάν
170 1246 248 1312 ἀπὸ.
262 1255 321 1331 τής
344 1247 445 1331 τύχης
467 1242 587 1310 πολλοὶ
609 1255 677 1309 τῶν
700 1245 761 1310 ούκ
781 1239 819 1309 εὖ
839 1245 1036 1328 διανοουμέ-

21 1377 82 1418 νων
105 1355 193 1436 πρὸς
215 1353 315 1437 ὑμᾶς,
338 1351 584 1437 ἀνεπτέρωνται
607 1361 679 1428 ταῖς
700 1352 858 1435 γνώμαις,
881 1350 937 1417 καί
960 1359 1035 1419 τοῦ·
1050 1371 1077 1410 1⁰

23 1481 74 1524 τον
97 1463 232 1525 οίονται
256 1461 354 1543 σφίσι
376 1467 532 1543 παρεῖναι
548 1458 609 1523 τὸν
628 1457 782 1522 εὐκταῖον
800 1461 929 1543 καιρόν,
953 1449 1035 1546 ένρδ

23 1567 267 1632 καταλύσουσιν
293 1565 389 1650 ὑμῶν
416 1566 478 1648 τήν
506 1562 621 1650 ἀρχήν.
667 1562 810 1630 Αίκανοὶ
837 1563 899 1649 μέν
921 1587 959 1648 γε
981 1563 1072 1631 καὶ2

26 1672 248 1755 Οὐολοῦσκοι,
272 1674 422 1755 Σαβῖνοί
440 1695 475 1737 τε
497 1667 553 1736 καί
575 1671 613 1735 τὸ
633 1667 796 1756 Ἑρνίκων
819 1673 931 1754 ἔθνος,
954 1673 1037 1758 πρὸς

25 1787 63 1865 τῷ
89 1777 221 1863 μηδένα
249 1779 375 1864 χρόνον
404 1775 571 1862 ἐξαίρετον
598 1784 803 1862 πεποιήσθω
829 1777 932 1864 <τοῦ>
954 1779 1038 1864 πρὸς

25 1884 100 1968 ἡμᾶς
131 1883 300 1970 πολέμου,
333 1882 388 1950 καί
421 1894 492 1961 τοϊς
523 1886 663 1969 ἔναγχος
693 1894 806 1964 κακοίς
834 1886 1039 1970 δυσανασχε-
1053 1903 1078 1944 15

14 2001 153 2070 στοῦντες
169 1992 394 2078 λῃστεύουσιν
407 1989 504 2075 ἡμῶν
520 1992 599 2066 τοὺς
618 1989 752 2076 ἀγρούς.
784 1994 983 2075 Καμπανίας
1002 1987 1039 2057 δὲ

27 2096 74 2162 καὶ
100 2101 292 2184 Τυρρηνίας
318 2097 380 2162 ὅσα
404 2095 605 2174 ἐνδοιαστῶς
628 2096 723 2181 ἡμῶν
746 2097 909 2181 ἀφείμενα
933 2100 1039 2164 διατε-

27 2208 80 2287 λεῖ,
102 2207 142 2271 τά
168 2202 230 2288 μὲν
255 2203 291 2270 ἐκ
313 2212 375 2268 τοῦ
398 2210 549 2288 φανεροῦ
573 2203 762 2288 ἀφίσταται,
785 2204 825 2267 τά
848 2197 888 2266 δἸ
902 2200 1040 2286 ἀφανῶς

28 2310 309 2396 παρασκευάζεται.
357 2310 453 2374 δοκελν
476 2306 505 2374 τ’
533 2305 612 2375 οὐδὲ
638 2311 676 2374 τὸ
700 2311 857 2375 Λατίνων
880 2305 1041 2392 συγγενὲς

29 2417 69 2480 ἔτι
94 2417 234 2502 βέβαιον
262 2416 343 2500 ήμίν
370 2412 542 2500 διαμένειν
570 2418 686 2501 φίλιον
710 2417 757 2492 είς
780 2415 901 2480 πύστιν
923 2414 1039 2499 ἐλθόν,
1054 2436 1081 2477 εο

30 2521 103 2588 ἀλλά
120 2521 179 2590 καί
196 2524 321 2588 τούτου
339 2524 426 2588 πολὺ
445 2519 544 2607 μέρος
563 2520 791 2606 διαγγέλλεται
809 2532 924 2588 νοσεῖν
944 2526 1041 2610 ἔρωτι

30 2632 261 2715 κρατούμενον,
285 2624 325 2712 ής
347 2629 491 2705 ’ἅπαντες
512 2630 695 2713 γλίχονται,
718 2631 914 2713 μεταβολῆς·
948 2630 983 2695 οί
1004 2627 1077 2698 δδ3

32 2733 102 2814 τέως
119 2733 503 2824 Δἐπιστρατοπεδεύοντες
524 2733 659 2820 ἑτέροις,
684 2743 748 2801 νῦν
767 2733 863 2801 αὐτοὶ
881 2739 1043 2822 τειχήρεις

95 2936 111 2983 5
131 2931 197 2984 εύτν
218 2927 333 2990 ίαιςΑὶ)
352 2928 386 2982 of.
400 2925 510 2996 Krflger
523 2927 561 2982 ad
570 2926 652 2984 Dion.
662 2927 736 2982 Hist.
747 2946 774 2998 p.
786 2935 838 2984 260
854 2929 858 3001 Ι
874 2947 1045 3000 παραχωρη-

35 2997 133 3054 σάντων
152 3001 178 3054 Α
213 3015 231 3052 a
268 2997 551 3068 ὑπαναχωρησάντων
569 2998 616 3051 Bb
676 2996 743 3054 6δδ
763 3017 817 3055 om.
836 2999 889 3053 AB
945 2999 1041 3055 7ἀλλ’

35 3065 99 3134 ὅπως
117 3088 139 3128 ο.
159 3069 287 3126 Reudler
306 3069 398 3126 Τίτου.
416 3087 443 3138 p.
458 3075 492 3124 48
547 3075 563 3123 9
583 3070 795 3140 διανοουμένων
814 3070 837 3124 O
856 3070 1044 3142 διακειμένων

36 3137 127 3207 Sylbur
177 3155 179 3158 ·
232 3147 266 3194 14
284 3148 334 3194 τοῦ
354 3139 419 3196 add.
438 3138 541 3194 Reiske
619 3145 651 3194 16
670 3142 743 3210 ὑμᾶς
761 3143 814 3195 ΑΒ
889 3148 921 3198 16
941 3144 1046 3213 δημεύ-

36 3228 106 3267 ουσιν
124 3160 147 3266 ἀ
186 3210 368 3282 λῃστεύουσιν
388 3209 511 3266 Sintenis
525 3211 586 3266 Em.
601 3210 681 3267 Dion.
696 3212 769 3267 1121
808 3215 925 3284 δησῦσιν
940 3214 1045 3269 Reiske

38 3285 64 3334 17
81 3282 156 3353 ἡμῶν
182 3283 327 3352 ἀφείμενα
347 3282 369 3337 0
406 3281 473 3352 ἡμῖν
495 3283 660 3352 διακείμενα
676 3293 703 3340 ὀ.
721 3283 867 3354 Kiessling
945 3291 980 3341 20
1000 3283 1046 3358 βέ·

37 3351 109 3419 βαιον
128 3354 151 3408 O
191 3355 313 3427 βεβαίως
332 3370 354 3408 ο.
375 3352 498 3408 Sintenis
516 3355 577 3409 Em.
596 3353 679 3409 Dion.
697 3355 710 3408 I
726 3363 758 3410 11
778 3356 900 3411 et1122
922 3359 927 3426 Ι
948 3359 998 3412 δια
1019 3356 1046 3413 ε’-

37 3426 124 3480 νεινΟ
162 3428 312 3494 διαμενεῖν
331 3423 455 3478 Sintenis
474 3425 700 3496 1.1.Ιπι’στινο
736 3427 837 3483 πύστιν
852 3427 978 3482 Sintenis
993 3378 1045 3486 [¹1.
1127 3435 1129 3438 '

39 3498 66 3546 λλ
84 3497 276 3566 κρατούμενον
299 3495 352 3550 del.
373 3494 495 3550 Reudler
512 3495 602 3553 Τίτου.
621 3513 648 3566 p.
663 3502 698 3552 48
772 3506 805 3554 23
825 3498 982 3571 *τειχήρεις
1001 3498 1047 3555 ἔν-

83 3595 180 3638 mons.
195 3595 262 3636 Eu..
274 3593 306 3634 11.
328 3603 367 3634 που.
382 3593 482 3635 JAcon.
850 3593 884 3641 22
