2400 3912
116 213 182 277 134
543 215 709 266 -A-

113 398 149 441 τε
180 372 236 440 καὶ
267 375 556 459 ἐπικελευόμενον,
588 384 659 450 τοῖς
691 370 729 439 δὲ
757 376 910 440 πλείοσιν
938 373 1050 439 αὐτῶν
1076 371 1131 438 καὶ

115 481 244 569 δάκρυα
270 478 331 566 ὑφ’
353 481 477 566 ἡδονῆς
503 483 593 568 ἔρρει
615 487 823 566 θαυμαστῶν
846 478 902 546 καὶ
925 479 1132 565 ἀπροσδοκή-

113 609 182 654 των
210 587 371 654 ἀκούουσι
398 591 521 672 λόγων·
558 586 651 671 πάθη
679 609 715 653 τε
741 589 876 654 ποικίλα
902 589 965 672 τὴν
993 585 1132 653 ἑκάστου

113 696 226 779 ψυχὴν
256 695 504 780 κατελάμβανεν
538 691 642 760 οὐδέν
670 694 826 779 ἀλλήλοις
852 692 995 760 ἐοικότα·
1034 691 1132 758 λύπαὶ

87 820 149 867 ετε
167 803 231 888 γάρ
249 801 388 885 ἡδοναῖς
407 799 594 887 ἐκέκραντο,
617 801 656 867 αί
671 797 733 886 μέν
752 799 805 867 ἐπὶ
823 811 894 878 τοῖς
910 803 1133 885 προγεγονόσι

115 909 253 992 δεινούς,
282 908 320 974 αί
344 907 375 974 δ’
398 907 452 974 ἐπὶ
478 919 548 986 τοῖς
578 907 870 994 προσδοκωμένοις
893 907 1050 992 ἀγαθοῖς,
1079 906 1168 976 καίειι

113 1012 221 1098 θυμοὶ
244 1013 482 1093 συνεξέπιπτον
501 1017 632 1101 φόβοις,
657 1015 693 1080 οί
708 1011 770 1099 μέν
789 1012 842 1080 ἐπὶ
862 1022 908 1103 τῷ
928 1025 1038 1092 κακῶς
1055 1016 1133 1101 δρά-

115 1135 171 1184 σαι
193 1121 233 1186 τά
256 1123 441 1207 μισούμενα
463 1131 521 1206 τῆς
540 1121 723 1207 ἀσφαλείας
741 1121 912 1208 ὑπερορᾶν
931 1121 1131 1208 ἐπαίροντες,
1198 1155 1199 1176 ÷

115 1226 151 1290 οί
171 1223 208 1292 δέ
231 1231 313 1294 κατὰ
335 1231 497 1314 λογισμὸν
519 1238 581 1294 τοῦ
604 1230 648 1314 μὴ
672 1228 795 1316 ῥᾳδίαν
818 1223 905 1294 είναι
928 1229 991 1313 την
1014 1232 1131 1294 καθαί·

79 1351 105 1390 1⁰
115 1351 208 1419 ρεσιν
226 1345 284 1420 τῆς
303 1336 502 1421 τυραννίδος
521 1336 623 1401 όκνον
638 1345 711 1414 ταῖς
725 1334 895 1418 ἐπιβολαῖς
909 1334 1131 1421 ἐπιφέροντες.
1197 1359 1199 1376 2

78 1437 184 1507 2ἐπεὶ
203 1438 234 1507 δ’
251 1443 417 1508 ἐπαύσατο
437 1440 555 1525 λέγων,
575 1443 685 1529 ὥσπερ
705 1441 738 1520 ἐξ
758 1440 834 1519 ἑνὸς
851 1445 1017 1527 στόματος
1030 1443 1131 1508 άπαν-

114 1570 167 1625 τες
193 1549 255 1631 τὴν
283 1549 388 1632 αὐτὴν
417 1548 535 1632 φωνην
563 1545 751 1634 ἀνέκραγον
779 1549 874 1632 ύίγειν
903 1557 992 1634 σφᾶς
1018 1545 1072 1614 ἐπὶ
1095 1551 1131 1614 τά
1198 1595 1199 1614 2

115 1654 208 1720 ὅπλα.
254 1653 310 1721 καὶ
333 1656 352 1722 ὁ
374 1660 525 1741 Βροῦτος
547 1655 679 1738 ἡσθείς,
701 1649 779 1721 Ἐάν
802 1679 840 1739 γε
862 1657 1038 1741 πρότερον,
1059 1659 1131 1741 ἐφη,

114 1761 154 1824 τά
186 1760 329 1839 δόξαντα
359 1769 405 1849 τῷ
434 1763 601 1849 συνεδρίῳ
629 1764 797 1846 μαθόντες
824 1761 1052 1848 ἐπικυρώσητε
1085 1765 1130 1844 [τὸ

80 1881 106 1922 15
116 1865 264 1951 δοχθέν]
302 1866 455 1934 δέδοκται
474 1870 537 1954 γάρ
556 1868 636 1953 ἡμῖν
655 1869 794 1953 φεύγειν
813 1870 1024 1955 Ταρκυνίους
1036 1872 1132 1936 πόλιν
1197 1927 1198 1946 2

115 1996 150 2038 τε
179 1975 241 2057 τὴν
259 1971 426 2058 Ῥωμαίων
455 1972 511 2040 καὶ
538 1975 666 2060 χώραν,
696 1976 776 2059 ὅσης
803 1976 945 2062 ἄρχουσι
970 1971 1131 2060 Ῥωμαῖοι,

114 2077 170 2145 καὶ
192 2077 290 2164 γένος
311 2082 348 2146 τὸ
372 2079 407 2159 ἐξ
430 2081 542 2146 αὐτῶν
564 2082 666 2147 άπαν·
698 2079 753 2146 καὶ
777 2080 898 2166 μηδενὶ
917 2082 1041 2161 ἐξεῖναι
1060 2081 1129 2169 περὶ

115 2189 268 2254 καθόδου
291 2191 487 2274 Ταρκυνίων
511 2192 592 2274 μήτε
612 2188 769 2274 πράττειν
788 2185 894 2273 μηδὲν
913 2193 995 2274 μήτε
1014 2188 1170 2274 λέγειν,839

116 2293 175 2360 ἐάν
208 2293 247 2360 δέ
275 2317 325 2372 τις
348 2296 444 2380 ’παρά
475 2305 579 2361 ταῦτα
608 2305 715 2361 ποιῶν
743 2295 936 2381 εὑρίσκηται
963 2297 1130 2362 τεθνάναι.
1196 2311 1197 2322 ³

114 2402 239 2484 ταύτην
271 2403 302 2467 εί
332 2399 552 2486 βουλομένοις
581 2402 665 2487 ,ὑμῖν
693 2401 762 2468 ἐστι
790 2403 852 2486 την
880 2404 1021 2488 γνώμην
1049 2399 1131 2470 εἶναι

115 2510 250 2591 κυρίαν,
280 2509 474 2585 διαστάντες
499 2509 582 2573 κατά
609 2511 667 2585 τὰς
689 2509 840 2595 φράτρας
863 2518 980 2593 ψῆφον
1004 2507 1131 2593 ἐπενέγ-

80 2371 101 2435 3

80 2459 106 2497 20

115 2635 203 2696 κατε,
227 2612 282 2679 καὶ
304 2610 402 2681 τοῦθ’
424 2613 504 2698 ὑμῖν
527 2625 661 2701 πρῶτον
684 2614 813 2701 ἀρξάτω
836 2616 874 2680 τὸ
894 2617 1058 2703 δικαίωμα
1074 2627 1130 2700 τῆς
1195 2673 1196 2704 ,

116 2718 318 2806 ἐλευθερίας.
361 2720 509 2804 Ἐγίνετο
540 2730 658 2787 ταῦτα·
699 2719 755 2786 καὶ
792 2722 906 2806 ἐπειδὴ
938 2732 1042 2789 πᾶσαι
1071 2724 1130 2806 τὴν

117 2828 230 2911 φυγὴν
248 2839 315 2893 τῶν
332 2828 510 2913 τυράννων
529 2829 568 2893 αί
583 2836 727 2914 φρᾶτραι
745 2830 1029 2914 κατεψηφίσαντο,
1051 2851 1129 2911 παρ-

80 2933 228 3000 εεελθὼν
264 2936 365 3001 πάλιν
402 2934 420 3001 ὁ
453 2938 604 3019 Βροῦτος
637 2932 737 3018 λέγει·
783 2929 915 3019 Ἐπειδὴ
947 2937 989 3000 τά
1021 2946 1128 3020 πρῶτα
1194 3019 1195 3034 ¹

187 3134 205 3181 4
223 3128 371 3190 λύπαις-
386 3124 432 3190 αἷς
450 3123 501 3196 μὲν
517 3157 550 3167 -
565 3123 610 3188 αἷς
628 3124 660 3180 δὲ
679 3143 702 3180 ο.
720 3125 824 3180 Reiske
886 3133 900 3180 7
921 3127 1128 3192 συνειςέπιπτον

117 3213 141 3249 ο.
157 3197 278 3265 Sylburg
294 3201 299 3267 Ι
314 3197 454 3267 δράσαιΒ
486 3195 661 3263 δράσαντιΗ
693 3196 826 3266 δράσαντι
840 3213 862 3250 ο.
878 3197 984 3254 Reiske
1026 3206 1057 3255 10
1070 3195 1128 3254 ἐπι-

120 3266 274 3332 βουλαῖςΑ
311 3262 454 3337 ἐπιβολαῖς
471 3265 520 3320 Bo
539 3268 568 3320 et
586 3266 690 3320 Reiske
782 3274 814 3322 15
834 3265 924 3323 δοθὲν
944 3269 991 3324 Ba
1026 3268 1127 3340 δοχθέν

120 3331 195 3383 ABb
231 3334 338 3401 ταχθὲν
357 3336 442 3404 vulgo
478 3335 656 3405 προςταχθὲν
674 3337 720 3390 vel
738 3337 884 3406 προταθὲν
903 3355 926 3394 ο.
946 3340 1057 3408 Ιδθίελε,
1074 3339 1128 3395 del.
1193 3359 1194 3362 ’

122 3398 211 3452 Cobet
229 3402 293 3455 obs.
313 3422 341 3471 p.
355 3412 389 3457 92
464 3412 498 3458 21
517 3405 567 3467 τὰς
586 3406 650 3461 add.
669 3408 692 3460 B
764 3414 798 3462 22
817 3409 866 3462 καλ
885 3409 949 3465 add.
969 3411 993 3463 B
1009 3416 1013 3481 Ι
1029 3412 1129 3481 ἄρξατο

122 3466 169 3518 Ba
238 3476 272 3522 23
290 3471 342 3538 τὴν
361 3473 415 3525 del.
435 3474 523 3528 Cobet
541 3476 607 3530 Oba.
625 3495 652 3545 p.
667 3482 701 3531 92
