2394 3912
149 193 303 272 καθ’
577 209 738 258 ..s-

112 367 265 455 ὅθίροις
288 368 321 448 ἐξ
341 375 417 434 ίσου
435 369 499 452 ἡδη
519 369 677 453 ἄρχονται
696 367 834 452 ὁμιλεῖν.
870 370 906 432 τί
921 363 983 434 οὐν
1002 370 1049 433 ἔτι
1067 391 1158 433 κατα-

148 476 318 562 πέπληχθε
338 476 462 553 αὐτοὺς
479 473 535 542 καί
553 484 708 558 σιωπᾶτε,
726 470 798 540 ἀλλ’
822 475 884 540 οὐκ
902 474 1063 560 ἐλεύθερα
1083 499 1158 562 φρο-

149 593 236 656 νείτε
260 579 314 647 καί
338 580 575 668 διαρρήξαντες
597 581 662 663 ἡδη
686 576 765 647 ποτὲ
783 582 862 658 τοὺς
880 583 1037 667 χαλινούς
1057 580 1158 664 λέγετε

149 692 198 767 είς
222 691 260 754 τὸ
284 692 416 774 κοινόν,
443 688 464 753 δ
487 690 678 753 πεπόνθατε
701 689 784 773 πρὸς
806 687 932 766 αὐτῶυς
961 684 988 754 ὦ
1012 685 1158 772 σχέτλιοι,

122 801 185 862 στί
205 797 391 874 δεδοίκατε;
415 796 460 879 μή
483 817 515 859 τι
537 793 666 878 πάθητε
688 793 827 878 ἡγεμόνι
849 802 908 877 τῆς
931 794 1157 880 ἐλευθεροστο-

149 905 226 987 μίας
245 900 318 987 ἐμοὶ
336 901 516 987 χρώμενοις
539 900 749 966 κινδυνεύσω
768 901 832 984 γάρ
851 896 935 985 ὑπὲρ
953 901 1049 985 ὑμῶν
1064 902 1157 966 εἰπεῖν

149 1011 189 1074 τδι
213 1011 324 1074 δίκαια
347 1008 428 1092 μετά
450 1011 638 1093 παρρησίας
661 1007 725 1090 ἐγὼ
748 1008 831 1093 πρὸς
849 996 973 1084 αὐτούς
991 1005 1046 1072 καὶ
1068 1003 1158 1072 οὐδὲν

150 1115 393 1200 ἀποκρύψομαι.
424 1111 480 1178 καί
499 1112 612 1197 ἐπειδὴ
629 1112 812 1199 Οὐαλέριος
825 1111 927 1180 οὐδὲν
941 1117 1070 1198 ἔφησεν
1084 1109 1157 1180 εἶναι

22 1281 32 1296 ,
149 1223 186 1287 τὸ
210 1225 341 1288 κωλῦον
364 1217 587 1305 ἀναστρέφειν
607 1219 694 1304 ὑμᾶς
712 1219 765 1286 ἐπὶ
783 1222 824 1285 τά
843 1221 949 1286 οίκεία
967 1229 1026 1303 τῆς
1044 1223 1158 1303 βουλῆς

38 1415 40 1422 ⁴
111 1349 136 1388 ιο
152 1329 313 1412 διδούσης
344 1328 405 1411 τὴν
436 1327 588 1392 κάθοδον
619 1323 676 1391 καὶ
707 1325 1026 1411 προσεψηφισμένης
1055 1329 1094 1392 τὸ
1121 1328 1156 1410 μὴ

150 1445 383 1520 μνησικακεῖν,
414 1430 506 1498 ταῦτ’
539 1432 784 1519 ἀποκρινοῦμαι
816 1435 899 1518 πρὸς
931 1433 1054 1517 αὐτόν,
1086 1434 1157 1516 άπερ

150 1540 241 1607 ἐστὶν
265 1541 375 1626 ἀληθῆ
398 1537 454 1605 καὶ
478 1539 642 1624 ἀναγκαία
665 1541 831 1625 εἰρῆσθαι.

217 1647 365 1714 LXXIII.
392 1643 513 1731 Ἡμᾶς,
536 1642 562 1712 ὦ
588 1645 766 1732 Οὐαλέριε,
788 1648 895 1712 πολλὰ
918 1643 983 1731 μὲν
1005 1644 1064 1712 καὶ
1087 1649 1157 1712 άλλα
1192 1663 1193 1666 ’

150 1757 191 1820 τά
213 1754 385 1821 κωλύοντά
409 1754 499 1819 ἐστιν
521 1752 752 1838 ἀποθεμένους
774 1755 815 1818 τά
833 1754 918 1820 όπλα
937 1750 992 1838 ἐφ’
1013 1753 1097 1838 ὑμῖν
1114 1667 1193 1934 γε-ινὴ

110 1877 135 1919 1⁵
153 1858 283 1944 νέσθαι,
305 1862 381 1945 τρία
405 1857 442 1924 δὲ
464 1860 505 1925 τά
528 1858 664 1942 μέγιστα
685 1859 740 1926 καὶ
758 1862 799 1925 τδ
817 1861 1047 1946 φανερώτατα.
1082 1871 1157 1945 πρῶ-

150 1989 209 2031 τον
232 1964 310 2051 μίν,
341 1967 391 2031 ότι
415 1964 631 2049 ἐγκαλοῦντες
653 1966 733 2052 ἡμίν
756 1968 801 2044 ὡς
823 1968 1053 2054 ἡμαρτηκόσιν
1076 1968 1156 2050 ἥκετε

150 2071 205 2138 καὶ
234 2074 271 2140 ἐν
295 2073 484 2158 εὐεργεσίας
508 2079 621 2138 οίεσθε
646 2071 737 2159 με’ρει
761 2075 893 2140 διδόναι
915 2075 978 2157 τὴυ
999 2074 1155 2139 κάθοδον·

150 2174 273 2264 ἔπειθ’,
300 2180 351 2244 ὅτι
379 2175 480 2244 οὐδὲν
507 2178 715 2264 ὑποδηλοῦτε
740 2186 1010 2266 παρακαλοῦντες
1035 2179 1089 2247 ἐπὶ
1109 2182 1156 2255 τίς

151 2286 346 2369 διαλλαγάς,
374 2279 428 2370 ἐφ’
451 2277 500 2362 οἷς
528 2285 630 2362 αὐτάς
658 2287 799 2364 δικαίοις
827 2285 882 2352 καὶ
909 2289 1156 2374 φιλανθρώποις

111 2413 137 2453 2⁰
151 2396 374 2479 ποιησόμεθα·
412 2394 449 2457 τὸ
474 2393 511 2457 δὲ
533 2399 739 2476 τελευταίου,
763 2394 814 2458 ότι
837 2391 975 2479 βέβαιον
997 2394 1095 2479 ἡμίν,
1117 2388 1155 2457 ὧν

150 2500 193 2566 άυ
216 2501 422 2583 ὑπόσχησθε,
446 2498 547 2564 οὐδέν
570 2499 673 2583 ἐστιν,
696 2499 779 2564 ἀλλά
801 2501 961 2576 πολλάκις
980 2499 1154 2578 ἐξαπατῶν·
1190 2553 1191 2574 ,

113 2612 202 2686 2τες
228 2629 263 2672 τε
290 2603 346 2671 καὶ
374 2609 604 2689 φενακίζοντες
630 2606 715 2690 ἡμᾶς
744 2605 994 2673 διατετελέκατε.
1039 2606 1104 2692 ἐρῶ
1127 2601 1151 2668 δ’

149 2712 232 2801 ὑπὲρ
261 2711 400 2779 ἑκάστου
427 2710 527 2799 χωρίς
555 2712 702 2778 ἀπὸτοῦ
726 2712 857 2778 δικαίου
881 2711 1077 2798 ἀρξάμενος·
1108 2709 1154 2776 καί

149 2825 213 2908 γάρ
238 2822 307 2907 ίδίᾳ
328 2819 405 2904 <τε>
429 2816 484 2884 καί
507 2821 544 2883 ἐν
567 2826 669 2906 κοινῷ
694 2818 850 2902 λέγοντας
868 2818 931 2885 ἀπὸ
950 2828 1012 2886 τοῦ
1032 2821 1154 2884 δικαίου
1189 2877 1190 2894 ,

106 2951 134 2994 ει
147 2930 211 3017 χρὴ
235 2930 405 3014 άρχεσθαι.
443 2925 537 3010 ἡμεῖς
555 2929 672 2991 τοίνυν
691 2927 722 2991 εί
738 2923 800 3009 μέν
817 2949 849 2990 τι
868 2925 1049 3010 ἀδικοῦμεν
1067 2925 1153 3010 ὑμᾶς,

149 3034 251 3104 οὐδὲν
275 3038 423 3120 δεόμεθα
446 3028 516 3099 οὐτ’
539 3032 652 3111 ἀδείας
674 3030 744 3098 οὐτ’
768 3032 964 3118 ἀμνηστίας·
995 3036 1153 3116 καίτοιγε

221 3271 237 3317 5
257 3262 294 3332 μὴ
313 3261 426 3328 πάθητε
445 3261 468 3314 Β
524 3267 555 3314 11
575 3261 764 3331 ἀποκρίνομαι
782 3263 835 3315 ΑΒ
872 3262 1080 3332 ἀποκρινοῦμαι
1098 3260 1151 3330 syl-

149 3332 222 3399 burg
287 3336 319 3383 15
338 3331 373 3384 τὰ
392 3331 579 3399 φανερώτατα
598 3331 647 3385 ΒΟ
683 3331 719 3386 τὰ
738 3349 791 3387 om.
810 3335 835 3386 R
898 3341 930 3387 19
949 3331 1036 3388 καλΟ
1073 3330 1131 3400 ἢΒ

150 3401 199 3452 καί
226 3402 441 3470 φιλανθρώποις
469 3401 523 3455 del.
547 3401 695 3456 Baumann
723 3402 788 3458 Obs.
817 3420 904 3472 gram.
929 3422 957 3472 p.
977 3410 1023 3474 41,
1050 3403 1101 3458 sed
1123 3402 1152 3455 cI.

149 3485 177 3532 p.
192 3473 253 3533 386,
267 3474 301 3520 20
375 3477 408 3522 23
428 3469 527 3541 <ἀ>πδ
545 3471 568 3522 B
585 3478 586 3482 ’
641 3479 675 3527 24
693 3492 723 3528 τε
743 3474 806 3528 add.
827 3475 949 3545 Sylburg
