2384 3902
134 209 199 275 266
562 212 724 264 -3-

133 375 234 457 ἔργον
256 382 326 450 τοῖς
348 370 424 458 περὶ
438 374 612 458 Μαμίλιον
634 370 690 437 καὶ
704 369 831 449 Σέξτον
851 371 959 437 ἐδόκει
977 372 1023 456 μὴ
1041 373 1144 436 πολύν

134 478 190 542 διά
213 476 317 563 μέσου
339 489 448 545 ποιεῖν
471 479 573 563 <τὸν>
597 480 737 563 χρόνον,
766 473 838 542 ἀλλ’
861 476 953 564 ὀξείᾳ
974 487 1089 562 κρῖναι
1109 479 1144 541 τά

133 583 307 669 πράγματα
330 585 426 670 μάχη.
471 593 517 673 τῷ
543 581 580 649 δέ
604 584 772 669 δικτάτορι
794 592 863 648 τῶν
880 579 1051 667 Ῥωμαίων
1074 605 1143 647 κατ-

133 692 236 776 αρχὰς
263 691 368 768 οὕτως
396 693 505 776 ἐχοντι
528 689 781 776 προαιρέσεως[,
806 689 862 771 ὡς]
887 687 1029 773 ἀμαχητὶ
1050 713 1143 755 κατα-

106 796 297 861 ῖλύσεσθαι
327 798 388 862 τὸν
419 799 565 881 πόλεμον
597 793 652 861 καὶ
684 795 808 871 παντὸς
835 795 976 878 μάλιστα
1004 796 1061 860 διὰ
1089 796 1186 878 τηνιῡῦ

133 901 286 987 ἀπειρίαν
304 912 372 967 τῶν
391 902 660 988 ἀντιστρατήγων
678 911 778 967 τοῦτο
797 904 951 985 ποιήσειν
966 900 1141 985 ἐλπίσαντι,

132 1004 199 1072 τότ’
223 1006 331 1092 ἐφάνη
354 1019 475 1094 χωρεῖν
498 1007 551 1074 ἐπὶ
572 1009 632 1073 τὸν
651 1007 773 1092 ἀγῶνα.
810 1005 961 1072 ἑάλωσαν
978 1007 1043 1091 γάρ
1063 1030 1142 1083 τινες
1188 1050 1189 1062 2

133 1112 197 1178 ὑπὸ
216 1123 284 1179 τῶν
302 1116 547 1202 φρουρούντων
565 1117 624 1192 τὰς
638 1113 741 1191 ὁδοὺς
755 1111 881 1179 ίππέων
894 1113 1030 1197 ἀγγελοι
1045 1115 1142 1197 γράμ-
1188 1099 1189 1178 ί

132 1243 217 1305 ματα
245 1220 405 1307 φέροντες
430 1219 508 1305 παρ’
541 1221 767 1287 Οὐολούσκων
793 1221 876 1304 πρὸς
902 1222 982 1296 τούς
1010 1236 1141 1304 στρατη-

93 1342 119 1384 10
132 1329 214 1410 γοὺς
245 1339 312 1393 τῶν
345 1329 501 1393 Λατίνων
533 1328 716 1410 δηλοῦντα,
754 1327 806 1392 ὅτι
835 1324 958 1391 πολλαί
990 1327 1142 1410 δυνάμεις

133 1433 246 1511 αὐτοῖς
273 1432 327 1500 ἐπὶ
355 1435 545 1518 συμμαχίαν
567 1431 706 1516 ἥξουσιν
729 1434 776 1509 είς
798 1429 925 1517 ἡμέραν
947 1434 1069 1517 τρίτην
1091 1433 1141 1517 μά-

96 1538 227 1604 4λιστα
258 1538 313 1605 καί
346 1534 447 1616 αὖθις
478 1538 588 1622 ἕτεραι
618 1534 697 1623 παρ’
722 1533 892 1623 Ἑρνίκων.
938 1539 979 1602 τά
1011 1536 1077 1623 μὲν
1106 1540 1140 1621 δη

132 1648 345 1731 παρασχόντα
370 1655 441 1722 τοῖς
462 1643 623 1728 ἡγεμόσιν
647 1643 757 1709 αὐτῶν
779 1654 913 1728 ταχεῖαν
936 1643 1141 1727 παρατάξεως

132 1749 282 1834 ἀνάγκην
314 1749 395 1828 τέως
428 1751 469 1816 οὐ
500 1747 780 1835 προαιρουμένοις
810 1745 902 1814 ταῦτ’
934 1744 986 1832 ἦν.
1034 1750 1140 1832 ἐπειδὴ

93 1871 118 1912 1⁶
134 1851 171 1920 δὲ
197 1857 238 1920 τά
265 1867 384 1940 σημεῖα
411 1857 501 1941 ἤρθη
530 1851 608 1940 παρ’
631 1853 794 1939 ἑκατέρων
815 1863 873 1939 τῆς
896 1855 1016 1940 μάχης,
1046 1854 1141 1941 προῄ-

132 1976 213 2027 εσαν
240 1964 287 2039 είς
314 1963 352 2027 τὸ
380 1963 500 2048 μεταξὺ
527 1963 653 2046 χωρίον
682 1961 865 2046 ἀμφότεροι
891 1958 948 2026 καί
970 1959 1141 2039 ἐξέτασσον

131 2069 190 2144 τὰς
217 2067 375 2155 δυνάμεις
402 2068 484 2133 κατὰ
511 2067 604 2132 τάδε·
640 2065 764 2144 Σέξτος
791 2063 853 2150 μὲν
880 2068 1068 2152 Ταρκύνιος
1095 2066 1140 2134 ἐπὶ

131 2183 192 2240 τοῦ
224 2178 322 2240 λαιοῦ
351 2184 419 2238 των
447 2173 605 2238 Λατίνων
633 2171 755 2256 ἐτάχθη
782 2169 934 2256 κέρατος,
959 2167 1140 2248 Ὀκταούιος

133 2278 170 2346 δὲ
183 2284 353 2365 Μαμίλιος
372 2268 504 2346 ἐπίτοῦ
523 2278 645 2361 δεξιοῦ,
668 2280 731 2362 τὴν
750 2275 787 2343 δέ
805 2278 888 2343 κατά
906 2277 1011 2363 μέσον
1030 2279 1140 2344 στάσιν

92 2404 118 2444 20
133 2380 219 2470 εἶχεν
243 2385 261 2452 ὁ
285 2385 396 2473 ἕτερος
415 2396 483 2451 τῶν
500 2387 691 2468 Ταρκυνίου
708 2385 839 2449 παίδων
857 2387 963 2467 Τῖτος,
986 2386 1075 2449 Ιἔνθα
1092 2381 1140 2449 καί
1187 2423 1188 2472 f

126 2489 296 2576 Ῥωμαίων
324 2494 361 2559 οἵ
379 2516 414 2558 τε
437 2492 618 2576 αὐτόμολοι
639 2489 695 2556 καί
718 2491 754 2555 οί
774 2491 923 2574 φυγάδες
946 2490 1139 2575 ἐτάχθησαν.
1187 2490 1188 2556 ί

131 2597 151 2682 ἡ
176 2594 208 2664 δ’
230 2599 328 2676 ἵππος
350 2599 460 2665 άπασα
484 2605 578 2683 τριχῇ
602 2598 810 2681 διαιρεθεῖσα
832 2606 903 2673 τοῖς
925 2594 1063 2682 κέρασιν
1086 2596 1140 2680 ἀμ-

130 2703 286 2788 φοτέροις
303 2706 537 2790 προσενεμήθη
557 2701 612 2768 καὶ
630 2714 699 2780 τοῖς
716 2703 798 2767 κατὰ
815 2700 919 2787 μέσην
932 2701 1185 2787 τεταγμένοιςΙθδ

95 2811 192 2894 ὃτην
215 2811 377 2894 φάλαγγα.
423 2820 481 2894 τῆς
505 2805 542 2875 δέ
559 2809 729 2894 Ῥωμαίων
752 2818 908 2894 στρατιᾶς
928 2809 967 2874 τὸ
990 2806 1051 2894 μὲν
1073 2809 1138 2894 ἀρι-

90 2932 116 2974 2⁵
131 2917 249 3003 στερδυ
271 2916 369 3002 κέρας
391 2912 479 3002 εἶχεν
502 2916 521 2982 ὁ
545 2915 709 3000 ίππάρχης
730 2918 827 2990 Τῖτος
845 2914 1028 2997 Αίβούτιος
1049 2913 1136 2979 έναν-

201 3114 217 3162 2
236 3108 285 3164 τὸν
309 3109 373 3164 add.
393 3107 538 3176 Kiessling
619 3112 636 3159 4
659 3107 709 3176 οάχ
733 3103 820 3169 οὕτως
843 3107 872 3160 et
890 3105 1099 3160 καταλύσεσθαι
1116 3121 1135 3156 ο.

131 3178 269 3232 Bflcheler
305 3179 356 3247 οάχ
380 3177 468 3240 οὕτως
487 3176 579 3248 ἔχοντι
596 3174 786 3245 προαιρέσεως
804 3173 865 3231 ἀλλ’
881 3176 1005 3246 ἀμαχητὶ
1023 3175 1136 3230 καταλύ-

132 3251 234 3300 σεσθαι
252 3264 275 3300 ο.
295 3247 384 3302 Cobet
402 3247 468 3302 Obs.
482 3267 508 3316 p.
526 3253 576 3300 109
640 3255 655 3302 6
675 3248 732 3300 ἀπο
751 3249 799 3302 ίαν
818 3246 840 3301 0
869 3247 1004 3316 ἀπειρίαν
1022 3245 1136 3314 Sylburg

134 3320 148 3365 ’ί
176 3313 237 3368 τότε
266 3312 359 3385 ἐφάνη
387 3323 487 3385 χωρεῖν
514 3316 668 3370 ΑΒΟωΕω
712 3336 728 3371 τ
761 3337 774 3372 ε
803 3312 895 3386 ἐφάνη
924 3320 1015 3372 αίτιον
1042 3322 1136 3385 χωρεῖν

134 3379 287 3448 CngEb
342 3384 512 3454 9*παρδιο
568 3392 602 3440 10
617 3387 804 3455 δηλοῦντεςΟ
841 3389 982 3456 δηλοῦντα
1000 3385 1137 3452 Kiossling

135 3452 168 3499 12
188 3449 284 3518 *παρὰ
298 3454 321 3506 O
377 3461 409 3508 13
425 3455 530 3525 αὐτῶν]
552 3455 720 3527 ἀμφοτέρων
734 3475 756 3513 ο,
775 3457 906 3512 Hertlein
919 3458 1035 3512 Hermes
1049 3457 1075 3510 X
1088 3460 1137 3510 415
