2400 3912
468 217 634 267 -Δ-
997 217 1061 284 129

53 379 85 440 οὑ
105 373 257 460 λέγοντές
283 398 319 442 τε
346 373 403 442 καί
430 376 629 462 πράττοντες
651 385 788 443 τοιαῦτα
812 376 999 464 διετέλουν,
1028 380 1061 461 ἐξ

52 476 94 546 ὧν
113 479 417 568 εὐδαιμονεστέραν
440 504 475 547 τε
497 480 554 548 καὶ
577 485 675 567 μείζω
698 483 760 567 την
781 486 881 550 πόλιν
903 496 974 564 τοῖς
992 485 1061 552 ἐπι-

50 586 233 673 γινομένοις
251 587 454 676 παρέδοσαν,
476 584 515 674 ης
534 586 630 655 αὑτοὶ
648 588 853 677 παρέλαβονς
877 589 999 670 καλπίς
1018 592 1060 659 ἀν

49 693 205 777 ὑγιαίνων
227 704 331 762 ταῦτα
355 698 509 782 φήσειεν,
533 694 622 783 ὁρῶν
645 695 691 774 ίος
713 698 852 783 οἰκτρῶς
873 695 929 764 καὶ
951 710 1060 778 κακῶς

49 802 184 880 ἅπαντες
205 799 263 868 ὑπ’
285 802 391 868 αὐτοῦ
414 803 665 888 διατεθείμεθας
1067 830 1081 872 ε

86 908 233 977 LXXXI.
261 911 327 988 Τάς
349 906 411 995 μὲν
430 905 493 976 οὖν
511 908 671 995 ἡμετέρας
688 919 756 975 τῶν
774 912 956 997 πατρικίων
975 928 1059 996 συμ-

48 1015 159 1101 φοράς,
183 1015 222 1093 ἃς
244 1014 390 1082 καὶτῶν
412 1019 580 1101 πολεμίων
603 1017 645 1082 ἀν
663 1040 714 1095 τις
731 1017 853 1102 μαθὼν
871 1018 1057 1103 δακρύσειε,

46 1134 165 1206 σιωπῶ,
181 1129 215 1189 εί
226 1122 260 1208 γ’
279 1125 387 1208 ὀλίγοι
401 1119 462 1209 μέν
477 1123 514 1189 έκ
527 1127 662 1190 πολλῶν
677 1126 888 1210 λελείμμεθα,
906 1124 1057 1192 ταπεινοὶ

46 1225 72 1290 δ’
92 1230 129 1296 ἐκ
160 1232 315 1315 μεγάλων
344 1234 545 1316 γεγόναμεν,
576 1232 623 1308 είς
651 1233 771 1297 πενίαν
799 1227 836 1296 δέ
863 1229 919 1297 καὶ
942 1233 1057 1317 δεινὴν

45 1334 183 1420 ἀπορίαν
209 1337 334 1422 ἥκομεν
362 1337 398 1404 έκ
425 1343 560 1405 πολλῶν
585 1335 641 1404 καὶ
668 1340 840 1423 μακαρίων
863 1337 1057 1416 ἐκπεσόντες
1067 1366 1093 1405 ιο

45 1439 187 1523 ἀγαθῶν.
225 1445 261 1510 οί
280 1443 426 1531 λαμπροὶ
445 1441 476 1509 δ’
494 1445 617 1510 ἐκείνοι
635 1442 690 1511 καί
710 1442 817 1512 δεινοὶ
833 1442 890 1510 καί
908 1444 1055 1529 μεγάλοι,

44 1542 84 1612 δι’
106 1549 166 1626 οὑς
190 1550 355 1636 ἐπιφανὴς
376 1550 398 1635 ἡ
421 1552 516 1628 πόλις
538 1550 633 1635 ἡμῶν
655 1571 734 1616 ποτε
756 1545 810 1634 ἦν,
836 1551 871 1615 οί
891 1546 953 1635 μὲν
976 1549 1056 1616 ἀπο-

44 1655 201 1740 λώλασιν,
226 1658 262 1723 οί
282 1654 320 1723 δὲ
343 1657 508 1742 φεύγουσι
526 1658 589 1741 τὴν
612 1657 763 1743 πατρίδα.
809 1655 893 1722 ἀλλὰ
915 1658 955 1721 τά
977 1656 1091 1742 ὑμέ-2

42 1783 116 1846 τερα
139 1764 331 1850 πράγματα,
359 1759 385 1830 ὦ
409 1765 566 1848 δημόται,
595 1773 665 1841 πῶς
688 1765 769 1849 ἔχεις
802 1763 865 1829 οὐκ
887 1762 1056 1850 ἀφῄρηται

42 1863 100 1950 μὲν
121 1869 218 1954 ὑμῶν
240 1872 320 1947 τοὺς
342 1872 478 1955 νόμους,
502 1867 671 1958 ἀφῄρηται
693 1867 813 1948 δὲτὰς
835 1867 888 1954 ἐφ’
908 1871 980 1956 ίερά
997 1869 1089 1938 καλιε

8 1978 160 2054 ιειθυσίας
188 1978 369 2061 συνόδους,
401 1975 547 2046 πέπαυκε
575 1973 612 2042 δέ
639 1979 719 2054 τοὺς
746 1976 1055 2063 ἀρχαιρεσιάζοντας

39 2081 92 2148 καὶ
115 2093 403 2170 ψηφοφοροῦντας
425 2081 481 2150 καὶ
503 2081 664 2170 περὶτῶν
681 2093 807 2150 κοινῶν
825 2083 1054 2167 ἐκκλησιάζου-

39 2211 109 2273 τας,
138 2189 313 2275 ἀναγκάζει
338 2184 370 2257 δ’
392 2191 454 2256 ὅσα
478 2191 622 2268 δούλους
645 2189 903 2278 ἀργυρωνήτους
927 2191 1054 2276 [αίσχύ-

37 2319 97 2379 νης
110 2295 198 2378 ἀξια]
213 2302 434 2384 ταλαιπωρεῖν
449 2301 676 2381 λατομοῦντας
689 2297 937 2381 ὑλοτομοῦντας
951 2295 1053 2381 ἀχθο-

39 2411 238 2488 φοροῦντας,
257 2402 295 2470 έν
312 2403 488 2490 ταρτάροις
505 2402 561 2469 καὶ
579 2405 766 2491 βαράθροις
779 2401 1051 2487 δαπανωμένους,
1062 2425 1089 2466 εο

38 2505 227 2575 ἀνάπαυσιν
253 2519 322 2576 τῶν
343 2521 456 2576 κακῶν
479 2507 559 2576 οὐδὲ
581 2511 643 2594 τὴν
666 2509 841 2595 ἐλαχίστην
863 2510 1052 2594 λαμβάνον-

39 2635 108 2693 τας;
144 2618 195 2692 τίς
227 2609 291 2681 οὑν
321 2615 400 2700 ὅρος
427 2618 519 2682 ἔσται
545 2627 613 2682 τῶν
639 2627 840 2702 συμφορῶν,
872 2613 930 2682 καὶ
956 2615 1089 2704 μέχριδ

38 2721 126 2797 τίνος
146 2724 275 2807 χρόνου
297 2730 402 2788 ταῦτα
424 2723 607 2808 πάσχοντες
629 2723 874 2807 ὑπομενοῦμεν,
897 2720 952 2788 καὶ
972 2727 1051 2790 πότε

38 2825 98 2908 την
119 2827 260 2914 πάτριον
282 2827 480 2915 ἐλευθερίαν
498 2829 769 2914 ἀνακτησόμεθα;
794 2829 875 2894 όταν
893 2829 1050 2916 ἀποθάνῃ

43 2934 239 3018 Ταρκόνιος;
263 2935 305 3019 νη
321 2937 399 3002 Δία.
435 2933 491 3000 καὶ
513 2938 549 3001 τί
567 2933 669 3002 πλέον
692 2934 772 3020 ἡμῖν
795 2937 888 3002 ἔσται
910 2939 995 3018 τότε,
1018 2939 1054 3001 τί
1060 2959 1086 2999 ιε

40 3034 72 3101 δ’
96 3040 135 3106 οὐ
161 3050 291 3126 χείρους
324 3052 412 3128 τρεῖς
438 3044 502 3129 γάρ
530 3040 563 3120 ἐξ
593 3040 668 3119 ἑνὸς
700 3044 907 3127 Ταρκυνίους
933 3041 1051 3126 ἕξομεν

106 3269 173 3323 8εί
205 3268 260 3324 εΒ
297 3271 330 3324 οἵ
359 3269 418 3324 εΙὺ
474 3273 508 3324 15
527 3267 578 3339 μὲν
596 3269 703 3325 add.B
760 3275 792 3324 18
810 3266 965 3350 *αίοχάνης
983 3268 1049 3336 ἀξια
1181 3327 1182 3330 ,

39 3335 65 3388 B
96 3338 161 3404 ἀξια
232 3339 320 3395 verba
338 3290 431 3395 gelevi
447 3341 452 3408 Ι
467 3339 578 3404 δούλως
604 3339 813 3413 ἀργυρωνήτοις
838 3339 943 3396 Relske
1017 3347 1049 3395 19

39 3406 275 3483 ἂγθηφοροῦντας
291 3411 314 3464 Β
382 3417 417 3467 20
435 3410 675 3502 ἀπαναλωμένους
692 3428 715 3467 c.
734 3410 878 3480 Kiessling
940 3417 973 3466 21
993 3419 1049 3465 τῶν

40 3472 185 3550 ἐλαχίστων
203 3481 395 3554 λαμβάνοντες
411 3483 437 3537 Α
508 3488 542 3538 25
560 3488 628 3552 ημῖν
646 3484 669 3536 Β
704 3483 772 3551 ὑμῖν
790 3480 815 3536 Α

90 3577 187 3622 mom.
201 3582 266 3622 Eu.
280 3581 313 3624 11.
332 3592 371 3623 ιο.
386 3582 488 3625 σιοοτιτ.
871 3575 887 3623 9

8 3869 180 3889 k-—.-.---...
229 3888 233 3891 .
