2400 3912
479 207 645 304 -λ-
1030 214 1173 317 83*

65 421 124 476 τῶν
145 414 209 498 γάρ
228 415 523 500 παρακομιζόντων
541 413 582 478 τά
600 411 637 478 θ’
659 412 821 498 ὑποζύγια
839 412 894 480 καί
913 417 974 500 τὴν
993 415 1074 483 άπο-

66 520 180 603 σκευην
211 528 274 584 τοῦ
305 521 440 606 Τύρνου
471 523 693 607 θεραπόντων
720 523 799 598 τοὺς
826 523 1075 608 πονηροτάτους

65 623 199 713 ἐξευρὼν
225 624 282 693 καί
310 628 512 713 διαφθείρας
534 630 701 713 χρήμασιν
724 630 859 693 ἔπειθεν
882 628 947 694 ὑπὸ
969 631 1074 696 νύκτα

64 730 133 816 ξίφη
161 735 269 799 πολλὰ
296 729 376 818 παρ’
398 734 503 799 αὐτοῦ
528 735 696 818 ’λαβόντας
719 735 919 818 εἰσενεγκεῖν
943 736 990 812 είς
1012 737 1074 819 την

63 838 236 904 κατάλυσιν
258 849 319 906 τοῦ
343 840 508 906 δεσπότου
530 837 585 906 καὶ
608 838 800 906 ἀποθέσθαι
822 841 1014 926 κρύψαντας
1037 841 1100 907 ἐνε

64 955 126 1022 τοῖς
145 949 375 1033 σκευοφόροις.
407 956 447 1033 τῇ
468 942 499 1012 δ’
516 946 589 1031 ἑξῆς
606 945 713 1033 ἡμέρη
728 950 954 1032 συναχθείσης
973 948 1073 1032 (τῆς)
1088 951 1109 1015 3

63 1049 227 1135 ἐκκλησίας
255 1055 436 1140 παρελθὼν
467 1049 551 1140 ὑπὲρ
581 1049 644 1137 μὲν
672 1063 741 1119 τῶν
769 1051 1074 1139 κατηγορηθέντων

63 1161 213 1244 βραχεῖαν
248 1162 361 1244 ἔλεγεν
394 1153 481 1225 εἶναι
513 1161 575 1244 την
607 1158 793 1243 ἀπολογίαν
824 1157 879 1226 καὶ
913 1162 1073 1245 δικαστὴν

63 1263 209 1331 ἁπάντων
242 1265 384 1332 ἐποιεῖτο
416 1275 484 1331 τῶν
515 1265 729 1350 ἐγκλημάτων
757 1267 861 1332 αὐτὸν
889 1268 949 1332 τὸν
976 1270 1073 1351 κατη-

63 1393 166 1455 γορον.
204 1370 329 1438 Οὑτοσὶ
347 1373 421 1459 γάρ,
445 1374 521 1457 ἐφη,
545 1373 686 1458 Τύρνος,
706 1367 732 1436 ὦ
753 1372 923 1458 σύνεδροι,
942 1373 1073 1438 τούτων
1086 1395 1113 1434 1⁰

64 1470 104 1541 ὧν
135 1482 215 1544 νυνί
245 1503 310 1564 μου
340 1489 520 1565 κατηγορεῖ
544 1479 680 1544 πάντων
709 1479 866 1562 δικαστὴς
892 1481 1073 1563 γενόμενος

64 1583 154 1662 αὐτὸς
180 1585 326 1651 ἀπέλυσέ
345 1609 401 1670 με,
429 1586 484 1650 ὅτε
506 1586 568 1669 την
591 1582 762 1670 θυγατέρα
784 1585 848 1668 την
871 1584 953 1669 ἐμὴν
976 1585 1072 1669 ἐβού-

64 1695 129 1755 λετο
155 1696 269 1776 λαβεῖν
301 1702 452 1775 γυναῖκα.
498 1689 568 1758 ἐπεὶ
597 1689 628 1756 δ’
654 1690 829 1774 ἀπηξιώθη
857 1701 925 1756 τῶν
954 1692 1107 1776 γάμων4

64 1799 197 1863 κατὰτὸ
221 1797 323 1876 είκός·
359 1802 410 1876 τίς
432 1800 496 1884 γάρ
520 1797 563 1864 ἂν
585 1808 653 1863 τῶν
677 1805 763 1862 νοῦν
787 1796 934 1883 ἐχόντων
960 1801 1072 1882 Μαμί·

65 1909 130 1969 λιον
146 1907 204 1969 τὸν
223 1903 460 1988 εὐγενέστατόν
474 1927 510 1969 τε
524 1901 579 1970 καὶ
597 1903 775 1989 κράτιστον
790 1908 946 1969 Λατίνων
966 1903 1070 1969 άπεώ-
1085 1919 1110 1962 15

66 2026 145 2093 σατο,
167 2020 289 2077 τοῦτον
312 2005 350 2076 δέ
373 2011 537 2094 κηδεστὴν
560 2009 678 2093 ἠξίωσε
702 2014 833 2095 λαβεῖν,
859 2010 895 2087 ὃς
918 2006 995 2076 οὐδ’
1024 2014 1070 2088 εἰς

66 2120 165 2201 τρίτον
190 2119 327 2183 πάππον
356 2117 546 2200 ἀνενεγκεῖν
574 2119 641 2201 ἔχει
667 2119 705 2182 τὸ
728 2115 841 2200 γένος;
874 2117 1069 2199 ἀγανακτῶν

67 2220 111 2286 ἐπὶ
134 2225 239 2312 τούτῳ
267 2231 331 2291 νῦν
358 2225 431 2308 η’κει
459 2247 525 2307 μου
552 2233 756 2307 κατηγορῶν.
803 2224 870 2287 ἔδει
897 2218 928 2286 δ’
954 2223 1069 2307 αὐτόν,

28 2329 93 2391 ῖῖοεί
110 2326 164 2413 μέν
187 2329 262 2416 ᾔδει
285 2353 326 2413 με
347 2337 504 2424 τοιοῦτον
527 2330 622 2410 ὄντα,
655 2319 728 2392 οἷον
750 2335 816 2391 νῦν
839 2329 998 2412 αι’τιδιται,
1025 2332 1068 2414 μη

66 2429 302 2521 προθυμεῖσθαι
334 2439 450 2520 λαβεῖν
477 2437 551 2499 τότε
580 2435 761 2519 πενθερόν·
800 2434 831 2498 εί
857 2430 894 2498 δέ
921 2436 1068 2520 χρηστὸν
1082 2455 1109 2494 εο

67 2539 214 2627 ἐνόμιζεν,
242 2544 297 2608 ὅτε
324 2544 386 2627 τὴν
413 2539 585 2626 θυγατέρα
611 2563 651 2624 με
674 2534 800 2624 ᾐτεῖτο,
828 2539 912 2624 μηδὲ
935 2549 1001 2606 νῦν
1025 2543 1069 2619 ὡς

67 2659 201 2734 πονηροῦ
229 2658 435 2734 κατηγορεῖν.
481 2644 537 2712 καί
563 2643 639 2730 περὶ
668 2643 729 2729 μὲν
754 2645 898 2730 ἐμαυτοῦ
921 2649 1104 2714 τοσαῦτα5

68 2752 149 2838 λέγω·
185 2756 266 2842 ύμῖν
290 2751 335 2840 δ’,
369 2752 395 2821 ὦ
424 2757 601 2841 σύνεδροι,
634 2754 805 2819 κινδύνων
827 2754 886 2819 τὸν
910 2753 1068 2838 μέγιστον

67 2860 225 2946 τρέχουσιν
248 2861 295 2950 ἰού
322 2860 399 2949 περὶ
427 2862 510 2947 ἐμοῦ
538 2857 697 2926 σκεπτέον
726 2856 796 2925 ἐστὶ
822 2863 916 2943 νυνί,
943 2863 1067 2948 πότερα

66 2971 189 3053 χρηστὸς
216 2969 237 3054 ἢ
267 2971 415 3055 πονηρός
438 2971 516 3054 είμι·
553 2965 647 3032 τουτὶ
669 2968 734 3052 γάρ
758 2964 885 3044 ἐξέσται
906 2965 963 3031 καὶ
986 2970 1066 3051 μετὰ
1080 2985 1106 3025 25

66 3070 148 3141 ταῦθ’
168 3077 249 3163 ὑμῖν
268 3088 419 3142 σκοπεῖν·
449 3075 533 3141 άλλδι
550 3072 627 3156 περὶ
644 3082 703 3157 τῆς
719 3072 815 3157 ὑμῶν
834 3072 945 3138 αὐτῶν
960 3071 1065 3157 ἀσφα-

68 3184 140 3260 λείας
161 3182 216 3250 καλ
238 3182 315 3270 περὶ
337 3191 396 3266 τῆς
417 3193 485 3247 τῶν
503 3183 674 3267 πατρίδων
694 3179 894 3264 ἐλευθερίας.
933 3178 1065 3262 ἐπιβου-

124 3381 140 3428 4
156 3375 224 3448 παρ’
241 3377 328 3432 αὐτοῦ
348 3371 412 3431 εδδ.
431 3374 454 3427 Β
523 3380 539 3428 6
558 3379 614 3442 της.
626 3371 689 3426 add.
710 3369 855 3452 Kiessling
919 3375 935 3425 8
955 3371 1004 3464 καὶ
1022 3375 1065 3426 δι-

67 3442 1064 3590 δίἱέἴ.Ῥδέἑέωοέδῖλῗῗέδῗδὲῗῗθδέδῖἓέδεζῗωέὄέῖῗέαω

867 3602 904 3655 6*
