2394 3912
136 232 201 296 358
569 231 730 282 -5-

135 397 172 460 τὸ
202 393 374 478 συγγενές,
405 393 463 459 έδιν
487 395 685 477 ψηφίσησθε
710 391 825 467 αὐταῖς
849 391 1064 456 ἰσοπολιτείαν
1086 391 1134 472 μό-

136 524 209 583 νον,
233 495 272 583 ἧς
295 498 359 565 αίεί
384 501 573 565 διατελοῦσι
598 501 762 583 δεόμεναι.

204 605 340 672 LXIIII.
365 604 405 671 Ὃ
435 603 471 670 δὲ
493 603 723 694 πάντωνέστὶ
746 604 925 689 κράτιστον
948 602 984 669 έν
1005 614 1068 681 τοῖς
1087 625 1133 668 πα·

138 712 264 799 λέμοις,
292 711 347 779 καὶ
376 713 453 778 οῦτε
480 713 575 798 ὑμεῖς
603 711 699 778 αὐτοὶ
728 708 964 796 ἐνεθυμήθητέ
984 732 1046 793 πιι,
1073 710 1136 776 οὔτε

110 831 204 886 ῡτῖιν
228 821 429 904 συμβούλων
453 817 566 898 οὐδεὶς
589 817 692 902 λέγει,
721 826 822 883 τοῦτο
846 815 1010 904 προσθεὶς
1030 817 1137 881 παύσο-

137 951 204 1010 μαι.
251 925 390 1001 οὐδενὸς
418 925 506 991 οὕτω
536 927 589 991 δεῖ
614 935 684 1002 τοῖς
707 921 889 1009 μέλλουσιν
913 919 1045 1010 εὐτυχὲς
1067 921 1137 1000 ἕξειν

136 1034 174 1098 τὸ
202 1043 270 1098 τῶν
294 1031 435 1116 ἀγώνων
459 1029 569 1116 τέλος,
598 1033 643 1108 ὡς
666 1041 862 1117 στρατηγῶν
885 1031 1042 1114 άγαθῶν.-
1074 1029 1180 1093 τοό116

138 1161 206 1204 των
229 1139 249 1224 η
275 1136 336 1222 μὲν
358 1136 501 1224 ἡμετέρα
524 1144 664 1204 πλουτεῖ
683 1141 789 1222 πόλις,
815 1139 853 1203 υί
874 1134 912 1203 δέ
934 1149 1002 1202 τῶν
1020 1136 1139 1201 ἀντιτά-

102 1247 123 1311 2
139 1249 208 1311 λων
232 1247 459 1325 σπανίζουσιν.
496 1245 534 1310 αί
555 1242 616 1329 μὲν
636 1240 699 1311 οὖν
717 1249 968 1329 πολυοχλοῦσαι
987 1245 1140 1328 δυνάμεις,

99 1371 124 1411 10
138 1352 219 1417 όταν
247 1352 395 1436 λάβωσιν
423 1353 588 1438 ἡγεμόνας
616 1352 677 1418 οὐκ
700 1353 830 1430 εἰδότας
854 1353 985 1437 άρχειν,
1014 1352 1140 1438 ἄσχημο-

137 1467 236 1524 νοῦσι
268 1456 323 1524 καὶ
356 1456 432 1544 περὶ
466 1459 582 1536 αὑταῖς
614 1459 821 1543 σφάλλονται
849 1459 890 1524 τὰ
916 1463 1068 1542 πλεῖστα,
1097 1456 1141 1522 καὶ

137 1565 286 1652 τοσούτῳ
320 1570 447 1650 μᾶλλον
479 1572 750 1649 κακοπαθοῦσιν,
784 1566 916 1653 ὅσῳπερ
950 1563 994 1630 άν
1025 1568 1141 1650 μείζονα

138 1675 237 1756 έχωσι
265 1676 379 1738 πόνον.
427 1673 462 1737 οί
489 1668 521 1736 δ’
544 1669 669 1756 άγαθολ
693 1669 929 1756 στρατηλάται,
953 1669 1018 1738 κάν
1041 1673 1141 1758 μικράς

138 1777 264 1860 λάβωσι
279 1779 449 1862 δυνάμεις,
469 1777 593 1862 ταχέως
606 1787 763 1843 ποιοῦσιν
778 1777 878 1854 αὐτάς
892 1779 1045 1866 μεγάλας.
1076 1773 1138 1844 ὥστ’

99 1902 123 1944 15
139 1885 232 1968 άχρις
265 1883 306 1948 άν
338 1883 496 1967 ἡγεῖσθαι
525 1884 736 1968 δυναμένους
763 1885 890 1970 ἄνδρας
919 1889 1061 1970 ἔχωμεν,
1091 1885 1139 1950 αόκ

104 1995 124 2059 3
140 1989 352 2077 άπορησομεν
373 2001 442 2055 τῶν
461 1990 626 2075 άρχεσθαι
645 1989 871 2075 βουλομένων.
908 1990 1138 2078 ἐνθυμούμενοι

139 2099 180 2182 δὴ
209 2105 312 2163 ταῦτα
338 2095 483 2162 καὶτῶν
508 2099 616 2183 έργων
638 2105 697 2182 τῆς
719 2099 846 2174 πόλεως
869 2097 1072 2185 μεμνημένοι
1092 2122 1136 2183 μη-

139 2201 198 2271 δὲν
223 2205 381 2270 ταπεινὸν
403 2199 482 2289 μηδ’
506 2199 642 2287 ἀγεννὲς
665 2200 742 2288 μηδ’
766 2203 903 2284 ἀνάξιον
926 2205 1022 2290 ὑμῶν
1045 2206 1136 2270 αὐτῶν

138 2314 344 2396 ψηφίσησθε.
386 2313 421 2375 τί
446 2305 523 2393 οὖν,
553 2315 587 2374 εί
609 2332 659 2387 τις
687 2312 798 2396 έροιτό
826 2334 882 2395 με,
912 2313 971 2392 [τι]
1000 2312 1136 2396 πράττειν

99 2437 125 2478 νο
139 2419 220 2503 ὑμῖν
238 2427 403 2503 παραινέω
428 2413 521 2481 τουτὶ
539 2416 603 2503 γάρ
624 2421 704 2493 ίσως
722 2416 823 2482 πάλαι
841 2428 971 2499 γνῶναι
990 2418 1135 2483 σπεύδετε.

111 2523 266 2610 ,μηδένα
298 2527 377 2609 μήτε
400 2525 581 2609 πρεσβείαν
604 2520 744 2607 πέμπειν
766 2524 850 2609 πρὸς
872 2526 952 2601 τοὺς
975 2523 1137 2609 ἀφεστηκό-

138 2653 211 2715 τας,
241 2633 321 2718 μήτε
350 2632 472 2715 άφεσιν
498 2631 715 2713 ψηφίσασθαι
737 2639 805 2694 τῶν
828 2639 950 2715 χρεῶν,
981 2625 1053 2714 μήτ’
1072 2631 1180 2695 άλλοΙΙ·

138 2748 247 2805 ποιεῖν
272 2735 393 2822 μηδέν,
421 2738 494 2803 ότι
519 2736 646 2816 δόξειεν
670 2735 711 2800 άν
736 2738 847 2821 φόβου
870 2739 1047 2822 τεκμήριον
1068 2733 1138 2802 εἶναι

139 2843 195 2912 καί
219 2845 415 2930 ἀμηχανίας·
449 2843 507 2909 έάν
532 2838 569 2908 δέ
587 2841 810 2927 καταθέμενοι
828 2844 868 2908 τά
888 2843 973 2909 ὅπλα
991 2841 1139 2909 κατέλθοι

212 2991 229 3038 4
249 2984 317 3038 αὐτὸ
338 2983 391 3037 ΑΒ
428 2981 509 3037 αότολ
527 2981 548 3036 Ο
568 2985 597 3037 et
616 2982 739 3053 Sylburg
820 2988 836 3038 5
857 2977 950 3053 ἔλεγεν
970 3001 994 3038 ο.
1013 2983 1139 3052 Kiessling

140 3053 334 3126 θηημετέρα
351 3055 377 3108 Α
413 3052 635 3125 ὴμ..η.μετέρα
653 3055 700 3110 Ba
735 3053 803 3125 ἡμῖν
825 3054 843 3124 ἡ
863 3054 985 3125 ἡμετέρα
1002 3054 1048 3110 Bb
1114 3062 1138 3109 11

140 3127 280 3190 αόταῖςΟ
373 3132 405 3179 13
430 3123 580 3194 *πόρονΟ
618 3124 703 3195 όγκον
727 3142 750 3181 ο.
774 3126 904 3181 Ηετῖλείιι
922 3125 1039 3180 Hermes
1057 3125 1082 3179 X
1099 3133 1140 3180 416

141 3197 223 3266 όχλον
249 3196 322 3250 Smit
346 3195 411 3250 Obs.
431 3216 457 3266 p!
478 3202 511 3250 30
548 3194 637 3252 πόνον
662 3213 715 3324 εἷο
807 3202 840 3252 15
865 3196 884 3251 ἃ
906 3217 989 3267 χριαν
1007 3198 1051 3251 Ba
1086 3196 1141 3252 ὥστε

141 3267 221 3336 άχρις
240 3266 276 3322 διν
295 3267 372 3321 ABb
447 3265 480 3321 1⁴9
501 3269 531 3322 εί
539 3287 581 3330 τις
600 3265 674 3339 ἔροιτ
710 3287 744 3339 με
764 3269 819 3323 del.
839 3267 928 3323 Cobet
946 3269 1013 3324 Obs.
1030 3287 1055 3340 p.
1076 3275 1140 3340 113,1

141 3357 168 3388 τι
193 3336 247 3390 del.
268 3337 392 3408 Sintenis
411 3338 471 3392 Em.
491 3337 573 3394 Dion.
588 3339 614 3392 H
629 3346 661 3394 32
755 3348 790 3396 20
807 3339 888 3395 ταυτί
907 3340 929 3395 0
949 3357 1017 3397 corr.
1037 3340 1143 3412 Sylburg

142 3427 177 3472 23
195 3423 345 3503 τεκμήριον
365 3422 439 3480 εἷναι
458 3413 610 3498 τεκμήριόν
629 3427 676 3482 Bb
760 3437 795 3486 24
814 3428 991 3500 ἀποθέμενοι
1010 3447 1032 3486 c.
1050 3429 1143 3500 Kayser

144 3487 214 3543 Ann.
234 3492 303 3556 phss.
324 3498 392 3550 1866
411 3514 438 3563 p.
455 3502 489 3553 46
