2384 3902
435 239 599 289 ..Ε-

28 397 124 462 αάτῶν
144 395 285 482 ἐγένετο,
309 407 367 484 τῆς
389 398 632 484 ὑποχωρήσεως
650 400 697 476 είς
714 397 776 483 τὴν
793 403 893 464 πόλιν
912 399 953 464 οὐ
972 401 1028 464 διά

28 512 141 590 μακροῦ
165 503 348 590 γενομένης
376 504 433 571 καὶ
460 515 528 571 τῶν
556 503 610 572 ἐπὶ
636 515 706 583 τοῖς
733 507 853 590 τείχεσι
876 509 955 583 τοὺς
978 509 1027 571 δι-

28 611 157 690 ώξαντας
188 610 506 698 ἀποκρουσαμένων.
552 613 633 698 μετὰ
665 621 762 678 τοῦτο
796 615 833 678 τὸ
864 615 965 699 ἔργον
996 613 1030 678 οί

27 714 77 802 μὲν
106 717 275 805 ἐπίκουροι
306 717 605 796 διασκεδασθέντες
635 717 784 804 ἀπῄεσαν
815 717 916 787 οὐδὲν
947 723 1027 796 τοὺς
1077 739 1093 770 *-

27 825 112 890 ἔνδον
134 825 381 911 ὠφελήσαντες·
411 825 431 909 η
455 821 493 890 δὲ
515 827 611 902 πόλις
635 825 671 891 ἐν
682 815 766 903 ’ταῖς
791 826 906 903 αὐταῖς
927 827 1050 893 πάλιυε

26 929 158 1014 ἐγεγόνει
195 941 386 1017 συμφοραῖς
424 929 479 996 καὶ
510 939 550 1016 τῇ
583 931 702 998 σπάνει
737 943 805 998 τῶν
837 933 1027 1016 ἀναγκαίων

26 1037 175 1122 ἐπονεῖτο,
204 1039 288 1103 κατά
315 1034 353 1103 δέ
380 1041 460 1116 τοὺς
488 1039 610 1116 αὐτοὺς
632 1042 776 1124 χρόνους
798 1038 922 1118 Σέξτος
944 1043 1064 1125 Ταρ-4

24 1145 123 1222 κόνιος
149 1147 243 1229 ἀγων
270 1148 429 1231 στρατιάν
456 1148 615 1211 Λατίνων
642 1144 695 1212 ἐπὶ
722 1150 869 1230 Σιγνίαν
895 1170 1028 1232 κατεχο-

25 1249 114 1334 μένην
138 1251 206 1318 ὑπὸ
230 1247 403 1337 Ῥωμαίων
433 1251 665 1337 ἐστράτευσεν,
698 1253 743 1330 ὡς
772 1250 805 1330 ἐξ
834 1251 961 1337 ἐφόδου
990 1254 1027 1318 τὸ

24 1359 175 1444 φρούριον
213 1360 503 1444 παραληψόμενος.
554 1360 716 1442 γενναίως
753 1355 790 1423 δέ
826 1368 893 1424 τῶν
926 1359 1028 1423 ἔνδον
1038 1382 1064 1421 ω

15 1463 326 1551 ῖάπομαχεσαμένων,
350 1466 599 1551 παρεσκεύαστο
624 1461 685 1550 μὲν
708 1465 753 1542 ὡς
770 1470 854 1553 λιμῷ
874 1467 953 1540 τοὺς
971 1463 1028 1529 ἀν-

23 1573 167 1656 θρώπους
200 1573 238 1637 τὸ
271 1573 397 1658 χωρίον
432 1571 578 1637 ἐκλιπεῖν
612 1570 811 1655 ἀναγκάσων
837 1567 893 1636 καὶ
920 1573 1028 1636 πολὺν

24 1676 129 1744 αὐτόθι
147 1681 276 1765 χρόνον
294 1673 397 1743 οὐδὲν
416 1676 592 1762 ἀξιόλογον
606 1678 760 1764 πράττων
776 1675 925 1742 διετέλει·
949 1676 1028 1742 ἀπο-

23 1786 116 1868 τυχὼν
153 1783 194 1852 δὲ
225 1783 281 1851 καὶ
312 1785 434 1869 ταύτης
467 1793 525 1870 τῆς
558 1784 691 1860 ἐλπίδος
724 1783 928 1868 ἀφικομένης
958 1794 1029 1860 τοῖς

24 1902 171 1976 φρουροῖς
206 1891 330 1977 ἀγοράς
359 1914 395 1956 τε
423 1888 479 1955 καὶ
507 1892 668 1975 βοηθείας
696 1890 760 1955 ἀπὸ
788 1901 855 1956 τῶν
882 1891 1027 1976 ὑπάτων,
1040 1913 1064 1954 ιε

23 1998 111 2075 λύσας
131 1999 196 2082 τὴν
217 2000 417 2083 πολιορκίαν
440 1996 544 2080 ἀπῆγε
566 1997 625 2073 τὰς
648 1996 814 2080 δυνάμεις.

77 2104 211 2172 LVIIII.
246 2108 299 2193 Τῷ
329 2101 360 2170 δ’
389 2102 462 2188 ἑξῆς
492 2102 632 2192 ἐνιαυτῷ
652 2099 806 2188 Ῥωμαῖοι
828 2111 1029 2168 καθιστᾶσιν

23 2211 154 2291 ὑπάτους
182 2216 284 2277 Τῖτον
301 2212 453 2297 Λάρκιον
476 2211 614 2294 Φλάβον
636 2209 692 2276 καὶ
706 2195 853 2274 Κόιντον
867 2213 1029 2275 Κλοίλιον

23 2322 161 2388 Σικελόν.
183 2367 185 2370 -
207 2319 338 2384 τούτων
368 2317 386 2383 ὁ
414 2315 478 2402 μὲν
501 2320 660 2394 Κλοίλιος
687 2318 727 2382 τά
754 2318 906 2381 πολιτικά
928 2317 1028 2402 πράτ-

23 2447 79 2490 τειν
105 2427 231 2512 ἐτάχθη
258 2425 324 2490 ὑπὸ
351 2433 410 2510 τῆς
440 2428 564 2508 βουλῆς
586 2424 648 2507 τὴν
671 2424 826 2508 ἡμίσειαν
848 2432 907 2508 τῆς
929 2438 1065 2509 στρα-εο

22 2542 80 2610 ταῖς
101 2537 190 2619 ἔχων
213 2539 365 2618 φυλακῆς
385 2531 482 2598 ἕνεκα
500 2542 568 2597 τῶν
587 2532 859 2617 νεωτεριζόντων,
884 2530 1028 2614 ε’πιεικης

22 2640 200 2726 τὴνφύσιν
223 2635 311 2706 εἶναι
334 2641 445 2704 δοκῶν
469 2636 524 2704 καί
549 2639 735 2722 δημοτικός.
779 2637 797 2703 ὁ
822 2634 859 2702 δέ
881 2638 1028 2723 Λάρκιος

24 2744 66 2811 ἐπὶ
90 2751 149 2814 τὸν
178 2749 262 2814 κατά
288 2748 484 2830 Φιδηναίων
512 2748 658 2830 πόλεμον
682 2743 906 2832 ἐξηρτυμένην
930 2761 1028 2830 στρα-

23 2855 85 2919 τιάν
105 2857 201 2940 άγων
218 2852 275 2920 καὶ
292 2856 333 2919 τά
352 2857 399 2930 είς
416 2855 615 2938 πολιορκίαν
634 2851 802 2936 ἐπιτήδεια
820 2869 1027 2939 παρασκευα-

24 2962 153 3044 σάμενος
177 2960 290 3049 ᾤχετο.
326 2957 548 3044 πονουμένοις
566 2983 601 3024 τε
620 2967 665 3046 τῷ
685 2961 780 3045 μηκει
800 2969 861 3025 τοῦ
879 2957 1026 3044 πολέμου

23 3065 65 3132 καί
97 3063 234 3134 πάντων
266 3070 462 3146 σπανίζουσι
493 3077 562 3132 τῶν
595 3066 785 3150 ἀναγκαίων
816 3067 956 3151 χαλεπὸς
983 3060 1027 3150 ἦν

1041 2929 1062 2993 2

1036 3015 1062 3056 25

83 3303 96 3350 1
116 3298 210 3352 αὐτῶν
229 3313 283 3352 οω.
297 3295 321 3348 Β
337 3298 341 3364 Ι
358 3297 398 3358 εἰς
416 3295 467 3365 τὴν
485 3294 567 3351 πόλιν
587 3295 651 3350 add.
666 3295 689 3348 B
746 3302 760 3350 ’ί
781 3290 908 3350 ἐπονεῖτο
922 3293 1027 3349 Reiske

22 3359 148 3422 ἐπόνειΟ
218 3367 387 3438 Βοτρατιὰν
407 3367 483 3420 ABb
522 3369 670 3438 στρατείαν
688 3367 735 3420 Ba
753 3368 783 3421 et
802 3365 842 3420 sio
861 3365 1026 3436 saepissime

23 3440 49 3490 18
67 3437 188 3512 φλάβιον
206 3439 259 3493 AB
333 3445 367 3494 25
386 3436 645 3508 καταπονουμένοις
664 3455 686 3493 ο.
707 3437 796 3493 Cobet
815 3437 879 3493 obs.
898 3455 925 3506 p.
947 3443 997 3493 103
1019 3439 1024 3511 Ι

21 3515 71 3570 τοῖς
88 3513 253 3580 φιδηναίοις
269 3511 344 3578 quod
359 3509 438 3564 ABG
476 3509 613 3564 omittunt
626 3511 692 3579 μοεῖ
705 3507 827 3580 πολέμου
842 3507 945 3578 0ng
961 3508 1026 3565 add.

114 3599 117 3608 '
810 3597 864 3654 1⁶*
