2400 3912
136 231 200 294 124
561 233 724 280 -A-

134 393 386 468 λιτανεύσαντες
409 389 637 474 συλλαβέσθαι
661 391 780 474 σφίσιν
804 388 907 454 ὁσίων
931 386 987 454 καὶ
1011 389 1139 453 δικαίαν

135 503 241 583 ἔργων
261 496 448 583 ἐφιεμένοις
466 494 604 582 ἐξῄεσαν
623 498 670 573 είς
687 497 750 579 τήν
769 495 906 582 ἀγοράν.
934 495 1139 578 ἠκολούθουν

135 601 166 670 θ’
193 605 306 682 αὐτοῖς
333 605 369 670 οί
392 603 597 689 θεράποντες
625 600 678 668 ἐπὶ
704 605 820 686 κλίνης
848 601 987 686 μέλασιν
1014 601 1170 687 ἀμφίοιςιιι

134 710 341 796 ἐστρωμένης
358 713 548 796 κομίζοντες
566 709 797 790 ἀθεράπευτόν
814 729 850 774 τε
863 706 919 773 καὶ
933 707 1140 794 πεφυρμένην
1193 724 1194 729 ’

108 819 246 902 εαῖματι
269 818 330 902 τήν
353 816 487 903 νεκράν·
511 817 554 900 ἠν
576 817 641 902 πρὸ
663 823 725 880 τοῦ
748 817 990 899 βουλευτηρίου
1010 821 1140 898 τεθῆναι

135 925 350 999 κελεύσαντες
372 923 506 1007 ύψηλήν
529 921 583 989 καὶ
601 931 769 1009 περιφανῆ
788 922 997 988 συνεκάλουν
1015 924 1076 987 τὸν
1096 923 1141 1004 όή-

99 1035 200 1112 4μον
228 1031 274 1106 είς
302 1029 488 1112 ἐκκλησίαν.
535 1032 637 1115 όχλου
666 1026 703 1094 δὲ
727 1026 956 1114 συναχθέντος
979 1028 1022 1094 οὐ
1045 1031 1141 1112 μόνον

135 1143 195 1199 τοῦ
221 1129 292 1201 κατ’
315 1135 440 1220 ἀγορὰν
467 1133 537 1202 τότ’
565 1138 677 1218 ὄντος,
706 1135 789 1201 ἀλλά
816 1133 871 1200 καὶ
894 1143 956 1200 τοῦ
984 1137 1069 1200 κατὰ
1091 1135 1141 1217 τήν

135 1242 233 1306 πόλιν
261 1242 358 1324 ὅλην·
396 1238 569 1328 διεξῄεσαν
597 1243 660 1327 γάρ
689 1242 725 1308 οί
747 1244 887 1326 κήρυκες
910 1241 968 1306 διὰ
988 1252 1058 1306 τῶν
1083 1258 1142 1306 στε-

95 1371 121 1410 10
135 1357 257 1413 ναπῦν
279 1351 339 1414 τὸν
362 1349 469 1432 δῆμον
493 1350 541 1425 είς
562 1349 624 1432 τήν
646 1347 773 1431 ἀγορὰν
796 1352 990 1424 καλοῦντες·
1025 1347 1142 1431 ἀναβάς

135 1453 153 1519 ὁ
177 1457 337 1539 Βροῦτος,
362 1456 447 1520 ἔνθα
469 1465 539 1531 τοίς
562 1455 747 1538 συνάγουσι
770 1456 827 1531 τάς
850 1453 1025 1538 ἐκκλησίας
1048 1456 1141 1539 δημη-

135 1571 249 1644 γορεῖν
273 1563 354 1639 ἐθος
376 1556 435 1645 ἠν,
463 1559 619 1638 καὶτοὺς
641 1563 836 1648 πατρικίους
857 1562 1143 1646 παραστησάμενος

136 1664 223 1744 ἔλεξε
245 1667 366 1733 τοιάδε.

203 1771 365 1838 LXXVII.
394 1769 489 1858 Ὑπὲρ
513 1773 704 1857 ἀναγκαίων
727 1772 783 1840 καὶ
804 1785 929 1840 κοινῶν
948 1775 1143 1860 πραγμάτων

97 1896 123 1937 15
137 1879 215 1952 τοὺς
238 1879 360 1962 λόγους
382 1878 513 1964 μέλλων
534 1881 619 1966 πρὸς
641 1879 726 1966 ὑμᾶς
748 1887 930 1964 ποιεῖσθαι,
955 1882 1075 1965 ἀνδρες
1091 1902 1144 1945 πο-

138 1988 235 2066 λῖται,
259 1981 334 2070 περὶ
353 1985 499 2068 ἐμαυτοῦ
517 1998 650 2068 πρῶτον
669 1987 765 2071 ὀλίγα
784 1988 948 2073 βούλομαι
966 1997 1144 2075 προειπεῖν·

137 2093 217 2166 ίσας
229 2090 292 2175 γάρ
306 2108 394 2158 τισιν
408 2092 513 2176 ὑμῶν,
532 2097 658 2177 μάλλον
673 2089 705 2158 β’
718 2092 862 2178 ἀκριβῶς
877 2088 941 2159 οἷδ’
956 2094 1007 2158 ότι
1016 2098 1146 2168 πολλοῖς

136 2197 336 2283 τεταράχθαι
361 2197 446 2277 δόξαι
465 2200 527 2283 τήν
546 2199 711 2282 διάνοιαν,
736 2199 820 2286 ἀνήρ
835 2201 877 2266 οῦ
891 2203 1063 2286 φρενήρης
1075 2195 1145 2281 περὶ

136 2313 203 2368 τῶν
235 2306 399 2389 μεγίστων
433 2305 608 2391 ἐπιχειρῶν
640 2303 764 2389 λέγειν,
802 2298 828 2394 ᾧ
861 2307 1058 2390 κηδεμόνων
1089 2305 1145 2387 οὐχ

95 2389 121 2503 Ξ)
135 2408 322 2492 ὑγιαίνοντι
347 2411 406 2476 δεῖ.
444 2416 513 2476 ίστε
533 2412 574 2494 θή
593 2412 656 2496 τήν
674 2413 792 2496 κοινήν
810 2412 991 2496 ὑπόληψιν,
1014 2413 1058 2496 ἠν
1074 2409 1145 2497 περὶ

55 2532 64 2542 “
137 2514 218 2598 ἐμοῦ
245 2516 364 2592 πάντες
387 2522 488 2600 εἴχετε
512 2517 557 2593 ὡς
578 2517 730 2600 ἠλιθίου,
752 2503 864 2602 Ιψευδῆ
888 2516 1073 2603 γενομένην
1095 2515 1186 2583 καὶειε

137 2620 197 2705 οὐχ
219 2619 276 2686 ὑπ’
298 2623 401 2688 ἀλλον
422 2625 514 2700 τινὸς
531 2630 871 2707 κατασκευασθεῖσαν,
895 2620 968 2691 ἀλλ’
985 2621 1042 2690 ὑπ’
1059 2625 1145 2710 ἐμοῦ.

136 2725 155 2790 ό
183 2723 214 2790 θ’
240 2727 428 2812 ἀναγκάσας
456 2753 496 2814 με
524 2725 606 2813 μήθ’
630 2731 674 2807 ὡς
701 2729 721 2814 ἠ
750 2732 852 2815 φύσις
879 2730 975 2814 ἠξίου
1003 2727 1083 2816 μήθ’
1103 2731 1147 2808 ὡς

136 2833 278 2918 ἠρμοττέ
298 2858 355 2920 μοι
379 2839 448 2920 ζήν,
471 2830 544 2901 ἀλλ’
567 2835 612 2913 ὡς
638 2840 813 2925 Ταρκυνίῳ
836 2835 867 2902 τ’
893 2833 936 2922 ἠν
955 2835 1145 2925 βουλομένῳ

39 2929 49 2944 ’
94 2957 120 3000 25
136 2939 235 3024 κάμοὶ
263 2943 435 3007 συνοίσειν
462 2940 593 3024 ἔδοξεν,
621 2941 640 3007 ὁ
663 2940 738 3028 περὶ
760 2951 818 3028 τής
839 2953 947 3028 ψυχῆς
969 2947 1076 3029 φόβος
1096 2939 1146 3026 ἠν.

99 3046 257 3135 3πατέρα
279 3048 344 3134 γάρ
367 3072 433 3133 μου
459 3049 645 3132 Ταρκύνιος
668 3048 865 3127 ἀποκτείνας
887 3051 954 3134 ἅμα
976 3059 1023 3139 τηό
1046 3072 1146 3134 παρα-

136 3157 251 3235 λαβεῖν
283 3155 345 3236 τήν
377 3153 497 3238 ἀρχήν,
530 3155 586 3220 ἵνα
618 3156 680 3239 τήν
713 3157 833 3223 οὐσίαν
860 3157 965 3222 αὐτοῦ
992 3155 1144 3238 κατάσχοι

208 3343 224 3390 8
248 3340 319 3393 κατὰ
342 3341 393 3410 τήν
416 3341 540 3396 πόλινΒ
575 3344 627 3412 τήν
651 3361 703 3399 om.
728 3345 754 3398 R
844 3351 878 3399 14
896 3354 1001 3402 κοινῶν
1025 3343 1146 3400 Sintenis

138 3403 254 3459 Hermes
272 3408 285 3459 1
303 3415 356 3463 474
392 3413 525 3466 καλῶνΟ
599 3420 631 3468 17
650 3412 737 3469 *οῖδα
755 3415 839 3470 ότιΟ
911 3423 945 3472 20
963 3413 1146 3488 ῦπόλη<ψ>ῑν

43 3546 46 3549 ¹
139 3472 162 3524 B
234 3481 268 3528 23
286 3476 361 3548 <με>
378 3479 425 3533 Ba
