2400 3912
139 201 196 276 78'
565 216 730 265 -Δ-

136 370 226 452 τινὲς
253 372 309 439 καὶ
336 373 548 461 διερευνηταὶ
574 385 643 440 τῶν
666 372 857 460 λεγομένων
879 396 915 440 τε
937 372 994 441 καὶ
1015 388 1160 460 πραττο-αι

136 478 249 565 μένων
280 485 460 566 λεληθότες
485 483 565 559 τοὺς
590 482 751 566 πολλούς,
784 485 820 547 οδ
844 480 1075 566 συγκαθιέντες
1097 483 1131 558 εἰς

139 586 274 670 ὁμιλίαν
299 599 370 665 τοῖς
399 587 500 665 πέλας
526 586 582 654 καὶ
605 591 696 654 ἔστιν
719 589 774 654 ὅτε
796 589 880 654 κατὰ
901 597 963 654 τοῦ
986 588 1132 672 τυράννου

63 691 68 700 ’
138 691 292 777 λέγοντες
319 694 431 779 αὐτοί,
459 706 579 782 πεῖραν
606 703 665 779 της
692 693 834 761 ἑκάστου
856 695 993 781 γνώμας
1015 694 1132 778 ἐλάμβα-

109 815 121 856 5
135 821 212 867 νον·
244 795 351 867 ἔπειθ’
369 800 429 878 οὓς
446 805 624 868 αἴσθοιντο
641 810 713 878 τοῖς
725 805 949 885 καθεστηκόσι
962 801 1132 884 πράγμασιν

137 904 349 990 ἀχθομένους
371 910 580 992 κατεμήνυον
602 908 686 992 πρὸς
708 909 768 973 τὸν
786 908 970 994 τύραννον·
999 908 1038 972 αί
1052 903 1085 972 δὲ
1098 921 1133 970 τι-

135 1015 258 1097 μωρίαι
294 1014 376 1077 κατά
407 1022 478 1078 τῶν
507 1011 734 1098 ἐλεγχθέντων
766 1013 920 1097 έγίνοντο
951 1011 1067 1100 πικραὶ
1092 1010 1134 1078 καὶ

135 1116 359 1204 ἀπαραίτητοι.

201 1223 400 1291 ΧΧΧΧΙΠΙ.
424 1223 492 1292 Καὶ
515 1225 577 1292 οὐκ
600 1224 725 1312 ἀπέχρη
748 1235 851 1292 ταῦτα
875 1229 982 1311 μόνον
1007 1228 1054 1304 είς
1073 1228 1136 1302 τοὺς

95 1345 122 1386 10
136 1331 336 1415 δημοτικοὺς
368 1332 457 1421 αὐτῷ
490 1343 711 1418 παρανομεῖν,
744 1332 817 1399 ἀλλ’
844 1331 993 1412 ἐπιλέξας
1027 1333 1063 1399 ἐκ
1090 1341 1137 1398 τοῦ

134 1441 297 1523 πλήθους,
322 1439 404 1506 ὅσον
427 1435 470 1523 ἧν
493 1441 613 1505 πιστὸν
634 1438 740 1528 έαντςό
759 1438 816 1506 καλ
834 1441 881 1518 είς
898 1441 957 1517 τάς
974 1440 1137 1524 πολεμικάς

134 1548 246 1630 χρείας
264 1546 464 1630 ἐπιτήδειον,
482 1547 521 1611 τὸ
540 1548 659 1612 λοιπδν
679 1547 866 1631 ἠνάγκασεν
884 1546 1083 1630 ἐργάζεσθαι
1094 1546 1139 1620 τδς

134 1653 217 1716 κατά
235 1654 333 1718 πόλιν
351 1652 518 1736 ἐργασίας,
541 1652 699 1737 μέγιστον
718 1656 872 1739 οἰόμενος
890 1648 977 1734 εἶναι
990 1654 1139 1719 κίνδυνον

135 1767 206 1834 τοῖς
229 1759 419 1844 μονάρχοις,
443 1759 524 1825 ὅταν
547 1761 583 1825 οιΓ
602 1763 824 1846 πονηρότατοι
846 1770 915 1826 τῶν
933 1764 1080 1825 πολιτῶν
1096 1755 1140 1822 καὶ

95 1872 121 1912 15
136 1851 344 1950 ἀπορώτατοι
372 1866 497 1950 σχολὴν
524 1867 646 1950 ἀγωσι,
674 1865 731 1933 καλ
757 1867 831 1952 ἀμα-
846 1870 1045 1953 προθυμίαν
1068 1868 1139 1950 ἔχων
1188 1875 1189 1896 ³

134 1966 190 2034 ἐπὶ
220 1979 278 2054 τῆς
310 1973 397 2050 ίδίας
429 1972 530 2059 ἀρχῆς
557 1975 598 2038 τά
624 1972 891 2057 καταλειφθέντα
917 1973 1061 2058 ἡμίεργα
1086 1971 1141 2036 ὑπὸ

134 2084 197 2141 τοῦ
219 2076 356 2142 πάππου
378 2083 559 2161 τελειῶσαι,
583 2080 641 2155 τάς
664 2076 776 2164 μὲνξ
743 2077 776 2156 ἐξ
778 2083 969 2164 αγαγίμους
985 2089 1055 2144 τῶν
1072 2077 1143 2144 ὑδά-

134 2204 203 2247 των
229 2183 393 2270 τάφρους,
421 2184 460 2261 ἀς
483 2183 609 2262 ἐκεῖνος
631 2185 784 2271 ὀρύττειν
806 2184 944 2272 ἤρξατο,
972 2184 1069 2271 μέχρι
1091 2207 1143 2250 του
1147 2203 1190 2254 ια,

133 2298 285 2375 ποταμοῦ
307 2300 517 2375 καταγαγεῖν,
540 2287 657 2356 τὸνδ’
684 2290 918 2378 ἀμφιθέατρον
942 2293 1144 2378 ἱππόδρομον

94 2405 121 2446 2⁰
135 2393 237 2463 οὐδὲν
261 2395 321 2475 ἔξω
345 2408 412 2463 τῶν
435 2399 607 2482 κρηπίδων
631 2399 749 2484 ἔχοντα
771 2399 936 2464 παστάσιν
954 2399 1145 2483 ὑποστέγοις

103 2497 340 2587 ἳπεριλαβεῑν·
379 2504 452 2585 [είς]
481 2512 584 2570 ταῦτα
612 2505 654 2588 δη
682 2505 803 2581 πάντες
825 2506 861 2570 οί
880 2503 1019 2588 πένητες
1042 2506 1146 2592 εἰργά-

73 2689 78 2698 ¹
136 2612 230 2686 ζοντο
263 2619 338 2674 σῖτα
368 2610 445 2695 παρ’
471 2611 575 2676 αὐτοῦ
607 2609 723 2698 μέτρια
750 2611 991 2695 λαμβάνοντες·
1029 2613 1065 2679 οί
1089 2609 1145 2696 μὲν

133 2714 389 2800 (λατομοῦντες,
418 2717 454 2782 ολ
478 2714 534 2800 δ’>
561 2716 817 2802 ὑλοτομοῦντες,
846 2718 882 2783 ολ
899 2713 944 2783 δὲ
972 2720 1031 2797 τὰς
1057 2743 1146 2809 κομι-

135 2822 254 2900 ζούσας
283 2817 383 2888 ταῦθ’
413 2822 539 2908 ἀμάξας
565 2825 718 2907 ἀγοντες,
751 2824 786 2889 οί
813 2818 846 2889 δ’
872 2822 925 2890 έπὶ
952 2836 1021 2891 τῶν
1049 2827 1147 2910 ὤμων

93 2942 119 2983 55
134 2927 230 2996 αὐτοὶ
257 2931 297 2996 τά
324 2930 412 3015 άχθη
440 2929 615 3016 φέροντες
646 2931 902 3015 μεταλλεύοντές
929 2955 964 2998 τε
986 2933 1085 3010 τός’
1067 2953 1147 2997 οπο-

204 3121 421 3192 ὅ*έτιειταΟΙ
417 3083 669 3205 Ι<αίσ>θοιντοΒ
701 3119 865 3194 ᾔσθοντοΒ
921 3132 954 3181 10
973 3123 1149 3191 ἀπολέξαςΒ

133 3193 318 3262 ἀποδέξαςο.
337 3193 484 3264 Kiessling
556 3201 588 3250 11
609 3190 640 3249 όν
659 3195 735 3267 αὐτῷ
753 3196 780 3249 A
852 3201 885 3249 13
904 3194 977 3250 κατὰ
995 3196 1047 3265 τὴν
1065 3195 1148 3250 πόλιν

132 3266 289 3321 Ambrosch
354 3272 386 3321 17
406 3213 484 3320 καλε
472 3267 523 3329 τὰς
539 3266 641 3320 Portus
699 3249 733 3319 2‘1
754 3264 794 3329 είς
812 3266 867 3321 del.
887 3266 1011 3322 Sintenis
1029 3267 1148 3321 Hermes

132 3335 216 3390 1'471
271 3344 305 3392 23
325 3341 517 3406 λατομοῦντες,
537 3335 611 3392 οἷδ’
628 3335 728 3390 addidi
745 3335 898 3392 Sintenisio
917 3337 996 3408 duee,
1016 3338 1066 3407 qui
1082 3339 1149 3392 ὑλο-

133 3413 295 3528 τιχμοχνχες,
313 3406 359 3528 χλ
364 3380 599 3529 δέλατομόῦντες
617 3407 753 3464 scribit]
772 3408 805 3477 l,
825 3408 874 3462 sed
893 3408 928 3465 cf.
946 3409 987 3464 Ν
1005 3415 1039 3465 81
1113 3413 1148 3462 25

135 3493 204 3528 ατο
293 3475 366 3528 ατὰ
