2400 3912
462 223 627 272 -Δ-
1011 221 1054 286 39

55 382 171 460 ψιλικὸν
189 381 353 466 ὁπλισμὸν
372 380 409 447 έν
427 389 497 459 τοίς
515 382 615 458 ἰδίοις
629 379 787 459 ἑκάστους
801 385 912 468 λόχοις
925 390 1053 469 καθαρ·

55 489 105 572 μὸν
125 486 236 554 αὐτῶν
259 487 437 571 ἐποιήσατο
459 489 572 578 ταύρω
595 487 651 554 καὶ
673 497 755 578 κριςό
778 487 833 555 καί
856 491 976 578 τράγῳ.
1012 492 1054 555 τὰ

57 591 81 659 δ’
103 595 201 680 ίερεία
224 604 328 662 ταῦτα
346 594 418 681 τρὶς
435 602 659 680 περιαχθῆναι
677 595 754 682 περί
770 598 808 662 τὸ
827 597 1053 683 στρατόπεδον

54 701 193 778 κελεύσας
216 704 320 768 ἔθυσε
343 709 388 789 τῷ
412 699 583 786 κατέχοντι
605 705 642 767 τὸ
661 702 890 789 πεδίον’Ἀρει.
931 707 1089 772 τοῦτον2

53 808 99 871 τὸν
117 810 295 894 καθαρμὸν
318 807 381 885 ἕως
403 818 470 873 τῶν
492 805 564 874 κατ’
586 806 643 893 έμὲ
665 813 797 895 χρόνων
815 806 969 894 Ῥωμαῖοι
992 832 1072 876 ιτα-ε

52 916 215 998 θαίρονται
238 916 319 999 μετὰ
336 915 398 998 τήν
417 913 611 1009 συντέλειαν
629 926 697 980 τῶν
714 917 880 999 τιμήσεων
899 914 964 980 ὑπὸ
985 926 1053 980 τῶν

53 1018 182 1102 ἐχόντων
205 1022 267 1104 τήν
292 1021 473 1106 ἱερωτάτην
497 1021 602 1107 ἀρχήν
625 1026 803 1106 Λοῦστρον
826 1021 1052 1105 ὀνομάζοντες.

52 1125 167 1208 ἐγένετο
202 1122 236 1191 δ’
271 1126 290 1192 ὁ
323 1127 455 1212 σύμπας
485 1139 553 1193 τῶν
584 1127 818 1213 τιμησαμένων
849 1130 928 1204 τοὺς
958 1131 1054 1211 βίους

47 1227 200 1317 Ῥωμαίων
219 1232 374 1318 ἀριθμός,
395 1234 440 1310 ὡς
459 1234 496 1300 έν
513 1245 584 1310 τοῖς
601 1245 783 1319 τιμητικοῖς
801 1234 937 1322 φέρεται
951 1234 1053 1319 γράμ-

50 1355 152 1423 μασιν,
180 1337 234 1404 ἐπὶ
264 1340 424 1425 μυριάσιν
451 1340 536 1405 ὀκτὼ
564 1340 709 1425 χιλιάδες
732 1340 829 1406 πέντε
851 1343 1052 1427 τριακοσίων
1063 1365 1088 1404 ιο

19 1443 251 1512 ειείποδέουσαι.
292 1445 469 1529 ἐποιήσατο
489 1444 527 1511 δέ
544 1444 600 1512 καὶ
618 1455 676 1530 τῆς
695 1445 862 1530 αὐξήσεως
880 1455 940 1512 τοῦ
958 1450 1088 1514 πολι-3

50 1561 130 1617 ταοῦ
152 1553 381 1637 συντάγματος
393 1552 445 1622 ὐύ
468 1554 590 1637 μικρὰν
613 1555 777 1637 πρόνοιαν
801 1547 900 1629 οὗτος
919 1553 937 1619 ὁ
957 1556 1052 1636 βασι-

50 1661 114 1736 λεὺς
140 1668 275 1746 πρᾶγμα
302 1659 467 1741 συνιδών,
500 1658 518 1722 δ
546 1658 731 1744 παρέλιπον
758 1660 900 1736 ἅπαντες
928 1659 964 1724 οί
987 1661 1052 1744 πρὸ

51 1763 138 1830 αὐτοῦ
170 1769 326 1849 βασιλεῖς.
367 1764 489 1830 ἐκείνοι
521 1762 583 1848 μὲν
614 1765 678 1850 γὰρ
711 1767 790 1842 τοὺς
822 1763 938 1844 ξένους
970 1765 1052 1831 ὑπο-

51 1871 209 1956 δεχόμενοι
232 1869 288 1937 καί
310 1873 543 1955 μεταδιδόντες
565 1881 623 1954 τῆς
646 1873 869 1949 ἰσοπολιτείας
892 1873 997 1955 φύσιν
1015 1867 1047 1935 τ’
1061 1902 1087 1942 15

50 1974 65 2057 ή
84 1979 182 2062 τύχην
205 1978 317 2044 αὐτῶν
337 1978 498 2062 οὐδεμίαν
517 1976 743 2060 ἀπαξιοῦντες,
767 1980 814 2054 είς
832 1983 1053 2064 πολυανθρω-

50 2086 116 2148 πίαν
145 2087 341 2171 προήγαγον
370 2085 432 2168 τήν
464 2087 572 2150 πόλιν.
614 2084 632 2150 ὁ
661 2081 699 2149 δέ
730 2085 871 2162 Τύλλιος
898 2082 953 2150 καὶ
982 2095 1088 2163 τοϊς4

50 2188 331 2277 ἐλευθερουμένοις
353 2201 421 2256 τῶν
441 2193 672 2275 θεραπόντων,
696 2189 754 2256 έδιν
774 2191 818 2275 μή
837 2189 985 2256 θέλωσιν
1004 2193 1051 2268 είς

49 2297 95 2372 τὰς
120 2295 248 2362 ἑαυτῶν
270 2299 383 2372 πόλεις
406 2294 553 2379 ἀπιέναι,
582 2296 729 2381 μετέχειν
751 2305 809 2379 τῆς
833 2297 1053 2373 ἰσοπολιτείας

50 2400 200 2488 ἐπέτρεψε.
237 2402 395 2479 κελεύσας
417 2402 481 2487 γὰρ
505 2402 572 2486 ἅμα
594 2413 665 2480 τοῖς
687 2404 800 2479 άλλοις
818 2402 942 2468 ἅπασιν
960 2401 1087 2474 έλευ-εο

50 2507 150 2592 θέροις
172 2505 229 2573 καὶ
251 2508 392 2584 τούτους
414 2510 620 2591 τιμήσασθαι
642 2510 700 2586 τδις
724 2509 849 2590 οὐσίας,
874 2509 921 2586 είς
944 2510 1053 2592 φυλὰς

50 2614 209 2693 κατέταξεν
227 2614 351 2691 αὐτοὺς
368 2615 426 2691 τὰς
444 2616 526 2680 κατδι
544 2618 643 2681 πόλιν
659 2613 815 2699 τέτταρας
827 2614 1051 2700 ὑπαρχούσας,

50 2719 78 2784 έν
103 2714 152 2800 αἷς
179 2719 234 2788 καί
263 2720 358 2808 μέχρι
384 2732 452 2786 τῶν
482 2717 560 2786 καθ’
583 2720 668 2805 ἡμᾶς
695 2722 827 2806 χρόνων
849 2725 1052 2805 ταττόμενον

17 2828 183 2894 ωλδιατελεῑ
200 2831 238 2894 τὸ
257 2828 508 2912 ἐξελευθερικὸν
528 2832 649 2911 φῦλον,
669 2827 751 2892 ὅσον
770 2825 811 2892 δν
829 2818 864 2912 ᾖ
896 2825 952 2892 καί
969 2829 1052 2893 πάν-

109 3055 246 3130 2τράχῳ]
260 3054 369 3128 ,κάπρῳ
393 3071 416 3108 c.
440 3054 564 3109 Roseher
586 3054 657 3110 Ann.
681 3055 751 3126 phil.
772 3061 840 3112 1873
863 3075 890 3127 p.
910 3063 961 3112 331
1034 3064 1051 3111 3

51 3131 111 3193 τρεῖς
127 3127 149 3180 Β
203 3133 221 3181 4
241 3125 310 3182 ἔθυε
330 3127 352 3181 Ο
373 3142 441 3180 corr.
460 3125 599 3180 Bfioheler
666 3132 682 3180 8
702 3125 763 3182 τότε
782 3129 847 3191 τούς
866 3145 888 3184 ο.
907 3126 1052 3196 Kiessling

81 3203 109 3251 13
126 3197 296 3268 παρέλειπον
315 3197 360 3251 Ba
423 3203 456 3250 14
474 3195 680 3267 ἀποδεχόμενοι
698 3198 724 3251 Α
783 3203 815 3251 15
834 3198 876 3269 τε]
896 3195 927 3252 δὲ
946 3195 1051 3252 Reiske

81 3274 109 3322 16
127 3268 412 3340 οὐδεμῗάπὰξιούντες
428 3267 475 3322 Bb
512 3269 794 3338 οὐδεμιανάξιοῦντες
811 3267 858 3322 Ba
931 3273 963 3323 19
983 3264 1054 3324 ἔπα-

52 3335 131 3393 νιέυαι
148 3357 170 3396 ο.
189 3340 295 3396 Reiske
350 3345 384 3393 20
404 3334 541 3409 ἐπέτρεψε
559 3339 606 3393 Bb
644 3336 780 3409 έπετρεψ.
798 3338 845 3392 Bb
862 3342 866 3406 Ι
883 3339 1051 3403 κελεύσαςΒ

52 3400 181 3467 ἐκέλευσεν
200 3407 356 3480 ἐπιτρέψας
373 3409 399 3462 R
462 3417 496 3464 21
515 3410 623 3474 τούτοις
641 3412 666 3465 Α
730 3417 764 3466 22
783 3409 855 3465 κατὰ
873 3410 925 3479 τὴν
944 3427 967 3466 c.
986 3411 1053 3465 Am·

51 3474 140 3535 brusch
210 3489 245 3537 24
264 3484 391 3536 διατελεῖ
405 3480 493 3537 Cobet
512 3481 577 3538 Obs.
596 3501 623 3553 p.
644 3489 677 3537 80
714 3479 830 3537 διετέλει
850 3480 872 3535 Ο
