2394 3912
119 148 185 214 346
548 151 711 202 -5-

119 317 242 376 τᾶσθαι
274 321 334 378 τοῦ
368 311 566 395 ἀντιπάλου,
599 305 671 377 ἀλλ’
698 310 735 378 ἐκ
766 312 892 388 παντὸς
924 310 975 376 άεί
1003 313 1135 394 ζητοῦσι

119 428 283 502 περιεῖναι
313 422 440 504 τρόπου
471 416 527 484 καὶ
555 419 599 503 μή
627 421 793 504 πρότερον
819 420 1016 503 χαρίζεσθαί
1040 439 1088 500 τι,
1116 416 1135 499 ή

87 525 238 609 ὗλαβείν
260 527 299 591 τὸ
318 524 441 610 μέλλον
464 521 661 616 εὖπάσχειν
679 525 882 610 ὑποχείριον.
915 523 1136 609 ἐννοούμενος

122 633 163 715 δή
200 643 303 700 ταῦτα
335 639 447 717 οίομαι
480 634 552 700 δεῖν
582 635 763 718 πρεσβείαν
796 631 1024 715 ἀποσταλῆναι
1053 632 1136 714 πρὸς

96 741 199 816 ιτοὺς
227 740 426 823 δημοτικοὺς
453 737 489 806 ἐκ
515 749 583 806 τῶν
609 740 750 823 μάλιστα
773 736 1035 823 πιστευομένων·
1057 740 1136 814 τοὺς

121 842 152 911 δ’
174 844 509 930 ἀποσταλησομένους
538 847 663 930 άνδρας
690 846 936 931 αὐτοκράτορας
962 839 1049 910 εἶναι
1076 864 1135 909 πα-

120 963 240 1037 ραινῶ,
269 951 533 1036 διαλυσομένους
560 953 676 1030 αὐτοῖς
700 953 762 1036 τήν
785 952 919 1035 στάσιν,
946 946 1000 1036 ἐφ’
1021 941 1074 1025 οἷς
1096 949 1188 1014 άνιιτι

120 1057 216 1124 αὐτοὶ
235 1060 399 1142 δικαιῶσι,
417 1058 473 1124 καὶ
491 1056 597 1143 μηδὲν
616 1062 665 1126 ἔτι
681 1068 722 1144 τῇ
742 1063 847 1144 βουλή
861 1054 1136 1145 προσαναφέρον-

119 1184 191 1241 τας·
215 1164 311 1230 αὐτοὶ
333 1167 397 1252 γάρ
421 1171 568 1231 εἴσονται
586 1173 694 1232 τοῦτο.
728 1166 764 1232 οί
779 1161 859 1250 <δδ>
876 1174 942 1231 νῦν
961 1165 1135 1248 ὑπεροπτι-

84 1290 110 1330 ιο
119 1267 174 1336 κοὶ
197 1272 376 1350 δοκοῦντες
398 1267 484 1338 εἶναι
507 1270 563 1338 καὶ
586 1275 700 1356 βαρεῖς
723 1275 905 1356 μαθόντες,
928 1271 980 1338 ὅτι
1002 1270 1135 1353 άληθῶς

120 1377 318 1456 σπουδάζετε
346 1378 423 1463 περὶ
449 1380 511 1462 τήν
539 1378 717 1462 ὁμόνοιαν,
744 1375 801 1444 καὶ
828 1379 876 1455 είς
898 1375 1135 1461 ἐπιεικεστέρας

120 1488 396 1570 συγκαθήσουσιν
431 1483 589 1570 αίρέσεις,
627 1481 728 1552 οὐδὲν
758 1484 929 1564 ἀξιοῦντες
960 1484 1038 1549 οῦτε
1071 1494 1135 1548 τῶν

120 1592 267 1676 αἰσχρῶν
304 1593 382 1658 οῦτε
415 1603 483 1658 τῶν
512 1592 698 1660 ἀδυνάτων.
743 1594 781 1659 τὸ
813 1593 877 1677 γὰρ
910 1588 1134 1676 ἠρεθισμένον

19 1729 23 1736 ·
120 1699 219 1781 άπαν,
238 1700 347 1778 άλλως
364 1721 399 1765 τε
422 1698 485 1764 κάν
503 1701 661 1766 ταπεινὸν
680 1691 718 1785 ᾗ,
741 1701 825 1785 πρὸς
843 1696 906 1784 μέν
922 1700 1003 1775 τοὺς
1016 1697 1133 1781 ὑπερη-
1190 1719 1191 1740 ¹

85 1822 110 1862 ιι
121 1812 314 1888 φανοῦντας
327 1803 562 1888 ἀγριαίνεσθαι
571 1810 674 1890 φιλεῖ,
688 1805 771 1890 πρὸς
782 1801 819 1870 δὲ
833 1807 913 1882 τοῦς
926 1804 1132 1889 θεραπεῦον·

120 1933 178 1988 τας
200 1911 418 1995 ἡμεροῦσθαι.
1145 1917 1150 1930 ’

187 2017 287 2083 LVII.
316 2015 414 2083 Ταῦτ’
437 2018 589 2094 εἰπόντος
616 2027 677 2084 τοῦ
700 2019 877 2102 Μενηνίου
900 2023 1010 2102 θροῦς
1032 2019 1132 2092 πολὺς

120 2122 253 2190 ἐνέπεσε
276 2131 315 2208 τῇ
339 2126 461 2207 βουλή,
483 2121 540 2189 καί
563 2123 740 2190 διελάλουν
758 2122 891 2190 ἕκαστοι
908 2125 992 2188 κατὰ
1010 2139 1131 2208 συμμο

120 2233 204 2316 ρίας,
228 2230 264 2294 οί
284 2225 345 2313 μδν
369 2230 498 2307 οἰκείως
516 2231 719 2314 διακείμενοι
736 2231 820 2317 πρὸς
837 2231 918 2307 τοὺς
936 2230 1141 2314 δημοτικοὺς

83 2354 111 2394 2⁰
119 2341 387 2423 παρακαλοῦντες
400 2335 564 2420 ἀλλήλους
577 2346 688 2404 πᾶσαν
697 2335 914 2422 εἰσφέρεσθαι
927 2338 1130 2422 προθυμίαν,

120 2444 210 2528 ὅπως
238 2441 416 2520 κατάξουσι
442 2443 502 2507 τὸν
531 2443 638 2527 δῆμον
658 2445 714 2528 ,είς
739 2440 989 2529 τήνπατρίδα,
1021 2442 1129 2524 ἐπειδὴ

119 2552 387 2634 προσειλήφεσαν
409 2549 557 2632 ἡγεμόνα
579 2559 637 2634 τῆς
659 2551 733 2616 τότε
756 2550 891 2635 γνώμης
908 2549 1045 2635 ἀνδρῶν
1064 2549 1129 2633 άρι-

120 2667 343 2744 στοκρατικῦν
365 2657 425 2722 τὸν
449 2654 729 2740 ἐπιφανέστατον·
762 2657 797 2722 οί
813 2654 843 2723 δ’
867 2653 1128 2744 ἀριστοκρατικοὶ

119 2866 141 2903 ο.
161 2848 265 2903 Reiske
303 2846 409 2904 ἔνεστιν
429 2847 456 2903 οἳ
475 2848 534 2923 ίδίρι
552 2869 582 2903 τε
601 2849 651 2903 καλ
669 2857 751 2932 κοινή
769 2849 923 2920 Kiessling‚
942 2849 1022 2904 cuius
1040 2863 1126 2903 emen·

119 2919 265 2982 dationem
287 2920 336 2975 καλ
358 2919 452 2975 deleto
478 2921 508 2974 in
526 2921 636 2974 textum
654 2936 760 2990 reeep13
786 2916 894 2976 ἐνοικεῖ
909 2921 961 2976 οῦκ
980 2921 1077 2987 ἀξιοῦν
1094 2951 1127 2960 -

120 2993 220 3061 ζητοῦν
232 2991 320 3046 Cobet
329 2991 347 3045 l.
358 2991 377 3046 l.
406 2987 516 3048 ἐνοικεῖ
524 2989 623 3058 κακόν,
642 2989 670 3045 οἳ
683 2999 736 3046 νῦν
751 2992 879 3058 ἀξιοῦσιν
889 2992 1034 3047 Meutzner
1042 3009 1067 3060 p.
1078 2997 1125 3046 267

190 3069 206 3116 9
226 3062 307 3118 αὐτοὶ
324 3061 378 3131 γάρ
398 3061 420 3116 Ο
457 3061 539 3116 αῦτολ
557 3061 611 3132 γάρ
629 3063 776 3118 πείσονται
794 3064 903 3126 τούτοις
922 3080 945 3118 ο.
964 3061 1065 3116 Reiske
1081 3064 1086 3132 Ι
1102 3059 1127 3115 αι’

119 3130 151 3186 δὲ
171 3149 193 3186 ο.
214 3132 340 3186 Schaller
412 3139 446 3186 10
465 3130 607 3201 μαθόντες
624 3130 654 3188 τέ
673 3132 758 3188 ὅτιΒ
828 3139 861 3188 11
879 3133 929 3190 καὶ
947 3133 1041 3188 om.B
1095 3138 1124 3187 12
1186 3191 1187 3196 ,

119 3203 414 3340 33522'33322233
425 3203 716 3344 322332‘3‘2‘222’532
732 3205 1123 3345 ffm30²¹253”1{ss⁹⁰2⁹usse¹¹1¹'

120 3339 215 3468 Ξριὲιρὲ.
235 3343 286 3394 κεί.
351 3349 384 3396 22
403 3343 514 3412 γνώμης
532 3345 646 3417 ἀνδρῶν
665 3346 890 3418 ἀριστοκρατικοὶ
908 3345 957 3402 καί
975 3344 1039 3416 περὶ
1054 3363 1124 3400 παν-
