2384 3902
466 233 625 285 ..ς-

41 416 95 469 τας
120 395 180 470 τάς
209 392 402 479 ἀποκρίσεις
430 396 587 476 λαβόντες
618 392 674 459 καὶ
703 391 771 478 μετ’
801 395 914 478 ὀλίγας
935 394 1060 481 ἡμέρας

41 495 120 583 ἧκον
142 500 224 576 τούς
247 497 279 563 τ’
307 501 536 584 αἰχμαλώτους
558 499 731 585 ἀφεικότες
748 498 803 566 καὶ
821 503 900 578 τοὺς
918 500 1060 578 ἁλόντας

42 618 105 671 τῶν
133 606 336 690 αὐτομόλων
362 607 520 691 δεσμίους
542 608 680 691 ἀχοντες
702 605 757 673 καὶ
779 611 858 686 τοὺς
881 609 947 691 ἅμα
975 613 1059 692 Ταρ-

41 715 151 800 κυνίῳ·
177 713 335 796 φυγάδας
367 711 596 795 ἐξεληλακότες
629 713 665 779 ἐκ
697 725 764 780 τῶν
791 717 931 780 πόλεων.
976 710 1055 778 ἀνθ’

43 814 87 884 ὧν
109 820 254 904 εὕροντο
277 821 368 904 παρὰ
390 828 449 903 τῆς
471 823 596 903 βουλῆς
617 821 679 903 την
703 820 843 905 ἀρχαίαν
866 823 984 905 φιλίαν
1002 817 1085 885 καλε

44 928 234 1011 συμμαχίαν
266 922 322 990 καὶ
352 927 431 1001 τοὺς
459 925 579 1008 ὅρκους
607 928 686 1002 τοὺς
712 923 796 1011 ὑπὲρ
824 927 953 992 τούτων
980 922 1060 991 ποτέ

43 1032 246 1116 γενομένους
270 1033 327 1096 διὰ
349 1040 418 1095 τῶν
442 1033 661 1115 είρηνοδικῶν
684 1032 923 1099 ἀνενεώσαντο.
961 1030 1060 1117 ὁμὲν

44 1140 81 1222 δὴ
108 1141 195 1222 πρὸς
223 1140 303 1214 τοὺς
330 1138 521 1222 τυράννους
543 1141 666 1216 συστάς
688 1142 832 1225 πόλεμος
854 1141 1061 1225 τετρακαιδε-

43 1245 156 1329 καέτης
182 1245 248 1310 ἀπὸ
272 1253 331 1328 τῆς
355 1244 546 1321 ἐκπτώσεως
569 1245 680 1311 αὐτῶν
705 1249 885 1330 γενόμενος
907 1247 1062 1329 τοιαύτης

44 1353 140 1436 ἔτυχε·
156 1356 324 1433 τελευτῆς.
364 1352 550 1435 Ταρκύνιος
573 1347 604 1416 δ’
626 1351 649 1416 ’ὁ
673 1354 843 1435 βασιλεύς,
875 1347 973 1428 οὗτος
995 1330 1101 1445 χάρὲο

44 1459 87 1521 ἐτι
109 1459 230 1534 λοιπὸς
253 1457 290 1521 ἐκ
312 1465 374 1521 τοῦ
396 1455 516 1540 γένους
538 1452 591 1540 ἦν,
617 1457 701 1541 ὁμοῦ
724 1481 755 1522 τι
778 1458 925 1541 γεγονὼς
948 1456 1061 1542 ἐνενη-
1155 1545 1156 1550 ¹

46 1562 222 1647 κονταέτης
253 1564 337 1628 κατά
368 1563 428 1628 τὸν
455 1565 581 1648 χρόνον
607 1571 743 1641 τοῦτον,
778 1563 994 1640 ἀπολωλεκώς
1021 1564 1062 1628 τά

45 1669 138 1736 τέκνα
163 1668 222 1734 καὶ
244 1670 305 1734 τὸν
328 1680 396 1734 τῶν
419 1671 590 1752 κηδεστῶν
609 1665 703 1736 οἷκον
721 1669 776 1735 καὶ
794 1680 898 1757 γῆρας
916 1670 1062 1736 ἐλεεινὸν

46 1774 96 1840 καὶ
121 1771 204 1860 παρ’
233 1774 372 1859 ἐχθροῖς
399 1777 580 1858 διαντλῶν,
615 1777 690 1841 ούτε
717 1781 875 1843 Λατίνων
902 1777 1062 1862 ὑποδεχο-

9 1882 153 1965 εεεμένων
186 1881 293 1947 αὐτὸν
321 1884 369 1946 ἐτι
396 1891 469 1958 ταῖς
491 1884 643 1965 πόλεσιν,
673 1883 750 1948 ούτε
777 1888 961 1971 Τυρρηνῶν
985 1884 1062 1949 οὔτε
1078 1902 1102 1942 1⁵
1116 1871 1153 1892 ‘⁸'

47 1991 206 2073 Σαβίνων
238 1983 309 2052 οὔτ’
337 1988 440 2070 άλλης
468 1990 703 2074 πλησιοχώρου
731 1993 858 2068 πόλεως
885 1989 1065 2075 ἐλευθέρας

49 2094 213 2179 οὐδεμιᾶς,
238 2095 286 2170 εἰς
308 2095 370 2176 τὴν
384 2095 588 2177 Καμπανίδα
609 2096 733 2179 Κύμην
755 2094 857 2184 ᾤχετο
877 2098 960 2181 πρὸς
979 2093 1065 2181 Ἀρι-

49 2203 215 2285 στόδημον
238 2201 299 2265 τὸν
319 2197 540 2283 ἐπικληθέντα
557 2203 723 2267 Μαλακὸν
741 2211 972 2288 τυραννοῦντα
990 2204 1064 2266 τότε

49 2305 223 2393 Κυμαίων·
255 2303 335 2391 παρ’
358 2295 385 2394 ᾧ
414 2307 543 2392 βραχύν
570 2330 645 2372 τινα
667 2307 801 2393 ἡμερῶν
825 2309 972 2395 ἀριθμὸν
997 2307 1065 2374 ἐπι-

49 2417 138 2496 βιοὺς
172 2413 384 2497 ἀποθνησκει
415 2411 470 2477 καὶ
498 2413 660 2479 θάπτεται
687 2412 743 2480 ὑπ’
772 2416 884 2482 αὐτοῦ.
930 2426 998 2481 τῶν
1028 2412 1065 2480 δέ
1079 2435 1106 2474 ιο

50 2523 108 2585 σὺν
136 2520 255 2608 ἐκείνω
280 2521 446 2604 φυγάδων
470 2517 587 2604 οἱμὲν
610 2519 647 2586 ἐν
670 2530 709 2606 τῇ
733 2524 832 2608 Κύμη
856 2522 1066 2610 κατέμειναν,

51 2628 82 2690 οί
106 2622 137 2692 δ’
166 2628 214 2704 είς
242 2628 345 2703 άλλας
371 2628 465 2703 τινάς
493 2630 605 2704 πόλεις
628 2628 871 2708 σκεδασθέντες
894 2628 947 2696 ἐπὶ
971 2629 1066 2715 ξένης

50 2735 104 2797 τὸν
128 2736 207 2817 βίον
230 2731 466 2819 κατέστρεψαν.

111 2839 219 2905 XXII.
244 2836 418 2923 Ῥωμαίοις
437 2835 474 2904 δέ
488 2840 771 2926 καταλυσαμένοις
785 2846 863 2921 τοὺς
877 2844 1067 2932 ὑπαίθρους

52 2945 213 3032 πολέμους
237 2946 257 3030 ἡ
281 2947 433 3029 πολιτικὴ
458 2947 572 3024 στάσις
591 2942 693 3026 αὖθις
711 2949 985 3036 ἐπανίστατοτῆς
1004 2948 1066 3036 μέν
1080 2968 1107 3009 25

53 3054 172 3137 βουλῆς
200 3051 435 3138 ψηφισαμένης
461 3057 625 3133 καθίζειν·
639 3056 680 3119 τά
708 3057 903 3143 δικαστήρια
932 3057 987 3124 καὶ
1009 3060 1067 3136 τὰς

120 3286 204 3350 ότῆς
223 3280 370 3344 πόλεωςΟ
393 3298 461 3336 corr.
482 3281 604 3352 Sylburg
677 3290 693 3339 8
713 3280 812 3348 ἐνστὰς
831 3287 854 3342 O
873 3302 943 3342 corr.
962 3287 1067 3344 Reiske

55 3351 361 3422 *τετρακαιδεκέτηςΟ
417 3360 448 3407 11
471 3348 643 3420 ἐνενήκοντα
663 3354 710 3424 ἐτη
729 3358 755 3409 Α
788 3353 1023 3428 ἐνενηκονταέτης
1044 3360 1067 3413 Β

58 3429 86 3476 16
110 3419 273 3495 ἐλευθερίας
296 3425 319 3477 Β
427 3431 462 3478 24
481 3425 654 3495 ὑπαιθρίους
677 3444 700 3483 ο.
729 3428 874 3498 Kiessling
902 3429 1069 3485 dubitanter

57 3497 87 3545 25
105 3495 236 3551 ἀνίστατο
256 3513 279 3550 ο.
300 3494 389 3549 Cobet
408 3495 473 3550 Obs.
492 3513 519 3564 p.
536 3502 588 3552 115
