2400 3912
563 185 726 236 ..ss-

132 345 361 431 γραφομένας,
385 344 479 433 άρμηᾶ
503 368 570 410 τινι
592 353 650 428 τῆς
672 345 782 430 θύρας
806 345 967 429 διαφανεῖ
986 344 1047 426 τὴν
1069 344 1136 420 ὄντα
1181 357 1182 362 ’

97 453 342 539 4προσβαλών.
382 451 529 531 ἐξελθὼν
558 447 595 516 δὲ
617 455 742 535 πολλῆς
769 452 816 515 ἔτι
839 451 960 528 νυκτὸς
983 450 1083 534 οὔσης
1102 449 1137 526 ὡς

133 558 378 643 ἀπεσταλμένος
395 559 461 624 ὑπὸ
478 570 546 624 τῶν
567 560 738 623 δεσποτῶν
760 556 812 623 ἐπὶ
831 561 946 642 χρείαν
960 556 1047 638 τινά,
1069 557 1138 639 πρὸς

133 662 195 751 μὲν
217 667 297 742 τοὺς
318 666 466 742 ὑπάτους
489 665 639 747 ὤκνησεν
658 662 773 729 ἐλθεῖν
792 664 921 746 δεδιώς,
945 664 989 748 μὴ
1010 662 1183 746 συγκρίνειε,

107 783 195 851 ιψαι
217 774 255 837 τὸ
279 780 413 857 πρᾶγμα
436 772 637 854 βουλόμενοι
661 771 718 835 διά
739 771 802 854 τὴν
826 770 963 835 εύνοιαν
985 778 1054 832 τῶν
1073 784 1138 849 συμ
1182 745 1183 804 δ

134 891 243 962 γενῶν
274 881 334 943 τὸν
367 877 562 962 μηνύσαντα
592 877 655 960 τὴν
686 879 902 962 συνωμοσίαν
930 875 1138 959 ἀφανίσωσιν,

135 986 338 1070 ἀφικόμενος
361 980 392 1048 δ’
415 985 460 1061 ὡς
475 987 628 1049 Πόπλιον
644 982 842 1070 Οὐαλέριον,
866 982 903 1059 ὃς
921 982 959 1048 ἐν
977 991 1048 1058 τοῖς
1065 981 1139 1064 πρά-

134 1114 206 1167 τοις
232 1088 404 1176 τέτταρσιν
431 1085 474 1173 ην
502 1083 570 1155 τῶν
592 1091 654 1173 την
676 1090 862 1176 τυραννίδα
885 1088 1139 1168 καταλυσάντων,

137 1197 288 1275 δεξιώσει
315 1195 371 1263 καὶ
398 1194 443 1263 δι’
466 1197 577 1281 ὅρκων
603 1198 642 1261 τὸ
669 1197 789 1263 πιστὸν
811 1191 890 1280 παρ’
913 1196 1019 1262 αὐτοῦ
1042 1194 1140 1277 λαβὼν

97 1326 123 1365 10
136 1301 219 1391 ὑπὲρ
243 1303 426 1388 ἀσφαλείας
447 1312 505 1387 της
528 1301 649 1369 ἑαυτοῦ
672 1305 821 1388 μηνυτὴς
839 1299 888 1370 ὧν
906 1300 937 1367 τ’
959 1304 1081 1386 ἤκουσε
1098 1298 1141 1364 καὶ

49 1477 52 1482 .
101 1407 185 1480 ὗῶυ
215 1407 282 1478 εἶδε
305 1414 442 1494 γίνεται.
484 1410 502 1476 ὁ
528 1407 626 1488 δ’ὡς
650 1412 776 1494 ἔμαθεν
800 1410 963 1495 οὐδεμίαν
986 1408 1141 1492 ἀναβολὴν

135 1517 360 1602 ποιησάμενος
387 1514 440 1582 ἐπὶ
467 1517 529 1600 τὴν
558 1518 668 1581 οίκίαυ
690 1526 757 1581 τῶν
777 1513 960 1606 Ἀκυλλίων
983 1518 1049 1582 σὺν
1070 1511 1142 1599 χειρὶ

136 1629 242 1708 πολλῇ
275 1628 426 1689 πελατῶν
458 1646 494 1688 τε
525 1620 581 1688 καὶ
611 1626 721 1706 φίλων
749 1626 967 1709 παραγίνεται
995 1618 1071 1707 περὶ
1094 1620 1142 1683 τὸν
1184 1651 1185 1662 2

138 1732 268 1815 ὄρθρον
294 1727 348 1794 καὶ
371 1729 552 1815 παρελθὼν
576 1735 654 1794 είσω
677 1739 745 1794 τῶν
768 1736 888 1814 θυρῶν
912 1729 957 1806 ὡς
980 1722 1028 1794 ἐπ’
1052 1729 1144 1808 ἀλλην

98 1856 124 1896 ιι
138 1837 213 1900 τινά
241 1838 355 1921 χρείαν
378 1836 496 1922 παρὼν
518 1836 695 1912 ἀκωλύτως
716 1829 787 1900 κατ’
810 1830 904 1902 οἶκον
928 1838 975 1901 ἔτι
998 1845 1064 1900 τῶν
1086 1855 1144 1917 μει-

139 1944 264 2024 ρακίων
298 1943 406 2007 ὄντων
439 1943 598 2027 ἐγκρατὴς
630 1945 757 2025 γίνεται
788 1953 857 2008 τῶν
889 1941 1070 2008 ἐπιστολῶν
1098 1937 1145 2005 καὶ

138 2050 217 2125 τοὺς
231 2051 428 2126 νεανίσκους
441 2050 620 2132 συλλαβὼν
633 2051 833 2133 καθίστησιν
848 2047 901 2114 ἐπὶ
913 2052 994 2127 τοὺς
1002 2049 1145 2122 ὑπάτους.

205 2154 297 2220 VIII.
335 2157 382 2220 Τά
410 2153 448 2221 δὲ
475 2156 557 2242 μετὰ
584 2163 688 2220 ταῦτα
711 2157 792 2240 ἔργα
814 2154 963 2242 θατέρου
986 2165 1052 2222 τῶν
1072 2154 1146 2219 ὑπά-
1185 2151 1186 2208 I

139 2284 206 2328 των
228 2263 384 2349 Βρούτου
408 2264 534 2347 μεγάλα
556 2260 611 2327 καὶ
634 2265 813 2347 θαυμαστά
836 2262 946 2347 λέγειν
969 2266 1068 2349 ἔχων,
1098 2262 1113 2326 ἐ
1137 2255 1143 2279 ’

98 2392 124 2430 ιο
139 2361 189 2447 οἷς
211 2368 348 2454 μέγιστα
368 2378 537 2455 φρονοῦσι
555 2365 721 2453 Ῥωμαῖοι,
746 2368 881 2436 δέδοικα
901 2370 946 2455 μη
962 2371 1087 2453 σκληρά
1099 2365 1144 2433 καλ

139 2477 260 2541 ἀπιστα
292 2486 362 2552 τοῖς
381 2473 520 2558 Ἕλλησι
552 2473 638 2553 δόξω
671 2474 795 2559 λέγειν,
824 2475 938 2560 ἐπειδὴ
968 2476 1182 2560 πεφύκασινοοο

140 2583 282 2659 ἅπαντες
313 2581 377 2647 άπὸ
409 2592 476 2646 τῶν
509 2582 606 2646 ίδίωυ
633 2588 755 2648 παθῶν
782 2584 823 2647 τά
849 2579 926 2669 περὶ
951 2593 1021 2648 τῶν
1048 2583 1146 2646 ἀλλων

140 2691 303 2774 λεγόμενα
330 2690 458 2775 κρίνειν
485 2686 540 2753 καὶ
567 2689 605 2753 τὸ
633 2690 752 2754 πιστὸν
780 2690 920 2755 ἀπιστον
944 2685 997 2773 ἐφ’
1021 2687 1147 2762 ἑαυτοὺς

105 2800 263 2864 λποιελν·
299 2795 363 2880 ἐρα
387 2792 419 2860 δ’
442 2790 505 2861 οὖν
529 2796 625 2880 ὅμως.
671 2793 783 2880 ἐπειδὴ
807 2797 871 2882 γάρ
895 2794 1001 2883 ἡμέρα
1023 2796 1147 2880 τάχιστα

149 2943 151 2948 ’
213 2949 501 3033 3ἀποσταλμένος1Α
574 2951 788 3034 δπρύνοιανΒ
858 2952 997 3020 omem
1017 2955 1093 3008 δοσει
1109 2950 1147 3003 Ba

141 3026 236 3092 δεξιᾶς
255 3024 353 3096 δοσ<ει
392 3023 438 3076 Bb
462 3041 493 3077 m
510 3040 564 3078 ras.
586 3029 601 3077 1
620 3023 677 3079 htt.
714 3023 810 3090 δεξιὰς
833 3026 933 3079 δίδωσι
950 3024 976 3077 Α
1068 3030 1099 3079 10
1115 3016 1145 3074 ἀν

140 3096 212 3151 τεΒ
248 3115 278 3151 τε
298 3091 337 3149 ὧν
471 3101 503 3148 15
522 3095 664 3182 ἀκώλυτος
681 3094 758 3150 ABb
795 3095 943 3158 ἀκωλύτως
961 3096 1009 3149 Ba
1028 3098 1061 3186 (ιμ
1080 3111 1111 3148 ex
1125 3095 1145 3159 ο)

145 3163 263 3302 μέξάστδά
279 3165 427 3290 ‹ImIIeIIske
444 3171 479 3218 2⁰
498 3162 1147 3307 ἔάγάἀτῖὲνάἀλοοιὲἒάἀλλίάἀάῡρμάἀοοάἀρΒοῖάάῑά

146 3302 238 3364 ἀλλοις
266 3303 382 3372 μάλιστα
401 3303 433 3359 δὲ
451 3311 510 3366 τοῖς
521 3301 635 3374 Ἕλλησι
654 3324 677 3360 ο.
696 3307 856 3377 Stephanus
922 3315 957 3363 23
976 3309 1076 3362 πιστὸν
1094 3307 1147 3360 ἀπι-

148 3387 212 3423 στον
233 3343 279 3439 ἀφ’
298 3368 415 3437 ἑαυτούς
434 3373 456 3428 Ο
538 3377 637 3432 πιστὸν
655 3377 704 3431 καλ
723 3376 841 3434 ἄπιστον
861 3373 909 3449 ἐφ’
927 3373 1040 3442 ἑαυτοῖς
1056 3387 1080 3432 ο.
1098 3378 1146 3430 sto-

148 3438 259 3504 phanus
296 3444 393 3497 πιστὸν
413 3441 430 3510 ἢ
450 3444 569 3500 ἄπιστον
589 3441 637 3516 ἐφ’
654 3442 765 3512 ἑαυτοῖς
782 3464 805 3504 ο.
825 3448 928 3503 Reiske
