2400 3912
136 209 226 310 30(
563 212 726 260 -Δ-

134 367 218 456 ὑπὲρ
250 380 320 435 τῶν
350 368 618 456 ἀπογινομένων·
656 370 704 448 είς
730 367 769 434 δὲ
797 370 856 436 τὸν
883 377 942 454 τῆς
969 371 1140 452 Νεότητος,

134 473 219 562 ὑπὲρ
250 486 318 541 τῶν
349 477 397 553 είς
428 475 555 561 ἀνδρας
586 473 780 562 ἀρχομένων
812 479 998 542 συντελεῖν·
1035 472 1069 552 ἐξ
1099 469 1140 540 ὧν

134 582 255 666 ἤμελλε
283 583 532 667 διαγνώσεσθαι
554 579 633 648 καθ’
655 580 796 648 ἕκαστον
819 581 989 664 ἐνιαυτόν,
1018 580 1092 646 ὅσοι
1111 604 1141 645 τε

136 687 171 752 oi
195 688 385 772 σύμπαντες
411 684 498 772 ἦσαν
524 686 581 753 καὶ
607 691 696 766 τίνες
718 686 752 766 ἐξ
775 688 887 753 αὐτῶν
908 687 971 770 τὴν
994 687 1141 772 στρατεύ

100 772 235 886 (ἐσιμον
257 794 389 877 ἡλικίαν
408 787 508 879 εἶχον.
544 801 647 859 ταῦτα
669 794 960 877 καταστησάμενος
978 790 1142 858 ἐκέλευσεν

134 899 282 977 ἅπαντας
299 895 481 985 Ῥωμαίους
502 899 765 986 ἀπογράφεσθαί
783 922 820 964 τε
839 898 895 965 καὶ
912 905 1074 984 τιμᾶσθαι
1092 901 1143 976 τάς

135 1004 252 1081 οὐσίας
278 1008 361 1091 πρὸς
388 1005 551 1093 ἀργύριον
578 1006 764 1090 ὀμόσαντας
786 1007 846 1071 τὸν
868 1007 1013 1090 νόμιμον
1036 1005 1142 1090 ὅρκον,

134 1105 154 1192 ἦ
183 1107 244 1194 μὲν
271 1110 401 1196 τάληθῆ
429 1109 485 1176 καὶ
507 1111 572 1177 ἀπὸ
594 1113 719 1190 παντὸς
739 1120 802 1177 τοῦ
824 1113 999 1196 βελτίστου
1020 1119 1142 1196 τετιμη-

133 1221 231 1299 σθαι,
257 1215 411 1303 πατέρων
437 1239 473 1283 τε
500 1213 548 1284 ὧν
571 1220 637 1284 είσι
658 1219 851 1305 γράφοντας
873 1217 929 1284 καὶ
950 1217 1084 1301 ἡλικίαν
1105 1215 1144 1298 ἣν

93 1338 120 1377 1⁰
134 1323 248 1405 ἔχουσι
272 1322 456 1406 δηλοῦντας
478 1323 638 1406 γυναῖκάς
658 1346 693 1388 τε
711 1321 767 1388 καὶ
785 1325 907 1401 παῖδας
925 1323 1145 1408 ὀνομάζοντας

132 1425 187 1492 καὶ
214 1426 252 1493 έν
280 1430 348 1493 τίνι
375 1438 589 1494 κατοικοῦσιν
616 1427 749 1495 ἕκαστοι
775 1438 834 1514 τῆς
860 1432 988 1507 πόλεως
1011 1429 1143 1513 <φυλῇ>

131 1532 152 1616 ἢ
180 1534 276 1622 πάγφ
301 1542 361 1618 της
387 1535 497 1621 χώρας
518 1533 777 1621 προστιθέντας·
813 1544 859 1625 τῷ
882 1532 920 1601 δέ
942 1536 987 1620 μη
1010 1551 1144 1620 τιμησα-

132 1638 221 1726 μένφ
253 1643 416 1724 τιμωρίαν
448 1642 548 1726 ὥρισε
579 1650 638 1725 τῆς
668 1637 701 1705 τ’
736 1642 853 1719 οὐσίας
885 1639 1066 1723 στέρεσθαι
1091 1637 1143 1705 καῖ

132 1743 235 1808 αὐτὸν
258 1744 512 1829 μαστιγωθέντα
534 1753 720 1833 πραθῆναι·
751 1746 808 1814 καὶ
831 1746 926 1835 μέχρι
948 1753 1079 1814 πολλοῦ
1100 1748 1144 1812 δι-

92 1864 118 1905 15
131 1848 240 1932 έμεινε
261 1853 351 1937 παρὰ
369 1849 540 1936 Ῥωμαίοις
563 1849 661 1931 οὗτος
684 1854 703 1919 δ
725 1855 837 1938 νόμος.
1193 1857 1194 1860 '

198 1972 287 2039 XVI.
314 1975 553 2060 Τιμησαμένων
577 1975 615 2044 δέ
635 1979 770 2044 πάντων
789 1977 968 2062 ἀναλαβὼν
985 1980 1027 2044 τά
1044 2003 1145 2065 γραμ-

131 2089 247 2162 ματεῖα
273 2079 329 2146 καὶ
357 2082 516 2165 διαγνούς
541 2085 581 2149 τό
607 2106 642 2149 τε
664 2089 795 2168 πλῆθος
817 2085 929 2150 αὐτῶν
951 2084 1008 2151 καὶ
1029 2088 1071 2151 τά
1094 2101 1184 2172 με-ου

129 2183 215 2269 γέθη
252 2195 320 2251 τῶν
350 2188 441 2270 βίων
478 2189 675 2272 σοφώτατον
708 2188 864 2255 ἁπάντων
895 2193 1146 2276 πολιτευμάτων

94 2293 328 2419 2είσηγησατο
350 2290 406 2358 καὶ
429 2297 594 2377 μεγίστων
613 2290 771 2379 Ῥωμαίος
794 2294 934 2379 ἀγαθῶν
957 2303 1079 2382 αἴτιον,
1104 2299 1148 2374 ὡς

89 2447 116 2486 20
129 2401 170 2463 τά
192 2401 273 2484 ἔργα
296 2398 451 2483 ἐδήλωσε.
488 2402 526 2465 τὸ
550 2397 588 2465 δέ
610 2402 793 2483 πολίτευμα
814 2404 948 2468 τοιόνδε
971 2399 1028 2487 ἦν·
1065 2407 1148 2489 μίαν

129 2503 267 2587 ἀφεῖλεν
285 2502 320 2582 έξ
338 2503 495 2569 ἁπάντων
513 2515 646 2591 μοῖραν,
669 2500 709 2588 ἧς
725 2507 763 2570 τὸ
782 2504 939 2590 μέγιστον
958 2503 1003 2592 ἦν
1020 2513 1149 2596 τίμημα

128 2615 187 2690 τῆς
221 2607 336 2686 οὐσίας
371 2609 432 2675 οὐκ
464 2613 600 2677 ἔλαττον
636 2609 754 2677 ἑκατὸν
786 2622 888 2696 μνῶν.
933 2615 1075 2694 τούτους
1110 2614 1149 2682 δὲ

129 2711 293 2791 συντάξας
315 2716 362 2792 είς
384 2714 591 2801 ὀγδοήκοντα
609 2719 730 2801 λόχους
748 2718 833 2783 ὅπλα
852 2717 970 2805 φέρειν
989 2720 1150 2801 ἐπέταξεν

129 2817 271 2896 ἀσπίδας
290 2815 481 2906 Ἀργολικὰς
507 2820 562 2887 καὶ
589 2823 714 2907 δόρατα
736 2821 792 2888 καὶ
814 2825 920 2909 κράνη
942 2825 1066 2910 χάλκεα
1088 2827 1150 2895 καλ

88 2957 114 2999 25
128 2927 286 3014 θώρακας
316 2924 372 2992 καὶ
403 2930 565 3012 κνημῖδας
591 2926 647 2993 καὶ
675 2928 763 3015 ξίφη.
806 2931 927 2998 διελὼν
955 2929 988 2996 δ’
1020 2933 1150 3012 αὐτοὺς

199 3179 213 3225 1
233 3169 403 3245 νε<ό>τητος
421 3172 444 3224 Β
534 3177 736 3300 811τετιμῆσθαι
755 3173 777 3228 0
819 3173 1018 3244 τετιμήσεσθαι
1035 3177 1148 3234 Reiske

595 3264 616 3298 π

126 3240 294 3308 τιμήσεσθαι
313 3241 458 3311 Kiessling

127 3314 201 3379 φυλῇ
220 3309 236 3378 ἢ
256 3312 400 3382 Kiessling
418 3316 532 3370 auctore
551 3314 705 3370 Bfichelero
760 3321 793 3370 12
812 3315 1012 3386 προστιθέντες
1029 3317 1054 3371 Α
1110 3327 1149 3376 18

126 3379 241 3515 mg
250 3382 283 3504 ἑ)
302 3399 372 3438 corr.
391 3383 536 3454 Kiessling
558 3388 563 3455 Ι
585 3388 738 3455 πολίτευμα
757 3386 845 3442 Cobet
863 3387 929 3444 Obs.
948 3406 976 3458 p.
996 3395 1030 3444 79
1108 3397 1153 3446 2ο

145 3470 162 3504 λ’

634 3249 701 3307 λεως
718 3242 736 3312 ἢ
756 3244 779 3298 Ο
815 3265 844 3302 π.
864 3243 939 3318 τόπῳ
957 3244 975 3314 ἢ
994 3248 1090 3318 vulg0‚
1114 3271 1148 3304 π.
