2400 3912
463 240 626 292 -υ-
932 215 1054 305 ’τεο

51 395 97 462 ἐπὶ
121 393 181 481 την
209 396 315 484 ἀρχὴν
340 395 398 463 ὑπ’
420 397 564 481 ἐκείνου,
595 400 746 487 στέργειν
774 397 812 466 δὲ
838 403 880 468 τά
906 405 1055 506 παρόντα
1088 377 1091 386 ⁴

51 505 263 588 ἠναγκάζοντο
291 501 349 569 καὶ
375 507 416 570 τά
439 506 603 591 δεδομένα
626 507 793 592 δέχεσθαι.
839 507 1055 594 ἀφικομένων

52 606 78 675 δ’
97 613 140 688 είς
162 613 223 676 τὸν
245 610 428 697 ὁρισθέντα
450 615 575 699 χρόνον
598 613 634 680 ἐκ
657 623 714 698 τῆς
735 616 861 692 πόλεως
883 627 952 682 τῶν
974 616 1055 682 ἀπο-

50 717 276 802 λογησομένων
298 719 361 802 την
384 707 485 804 δίκην
504 717 561 784 καλ
583 719 647 786 ἀπὸ
670 730 729 805 της
751 725 876 805 βουλῆς
892 733 960 787 τῶν
978 744 1055 808 πρε-

50 823 228 907 σβυτάτων,
255 829 401 903 καθίσας
426 824 481 891 ἐπὶ
503 835 564 892 τοῦ
586 831 733 912 βήματος
755 828 773 894 ὁ
797 831 953 913 βασιλεὺς
975 829 1081 912 μετάι

49 941 106 994 τῶν
136 933 248 1015 φίλων
277 930 334 997 καὶ
363 934 424 998 τὸν
450 933 528 998 υίὸν
556 934 768 1014 συνδικάζειν
793 937 952 1011 κελεύσας
978 932 1067 1014 ἀπέ-1

49 1037 144 1102 διοαεν
168 1038 284 1116 αὐτοῖς
306 1041 418 1122 λόγον.
1034 1109 1037 1115 ,

14 1159 48 1210 ιιε
105 1143 261 1210 XXXIII.
288 1143 362 1210 ”Em
389 1141 428 1210 δέ
454 1154 513 1230 τῆς
540 1148 766 1231 δικαιολογίας
792 1145 971 1232 γινομένης
998 1141 1058 1230 ιΙκέ

49 1272 90 1328 τις
118 1251 338 1336 ἀπαγγέλλων
367 1253 430 1335 την
463 1254 577 1338 φιηεηυ
605 1265 680 1320 τῶν
703 1253 943 1341 ὁμηρευουσῶν
972 1273 1055 1338 παρ

48 1356 157 1424 θένων.
203 1357 377 1442 δεηθεῖσαι
398 1361 463 1445 γὰρ
485 1370 554 1425 τῶν
576 1362 825 1444 φυλαττόντων,
849 1360 905 1425 ἵνα
928 1376 1055 1444 συγχω-
1071 1380 1097 1421 ιο

50 1466 188 1546 ρήσωσιν
225 1464 341 1542 αύταλς
378 1466 568 1532 λούσασθαι
601 1464 886 1551 παραγενομέναις
917 1467 965 1541 είς
995 1465 1056 1529 τὸν

48 1573 206 1657 ποταμόν,
229 1570 342 1654 ἐπειδη
365 1572 404 1636 τὸ
428 1573 630 1658 συγχώρημα
652 1575 775 1656 ἔλαβον
798 1571 981 1656 ἀποστῆναι
1004 1595 1056 1655 μι-

49 1677 119 1761 κρὸν
148 1677 214 1744 ἀπὸ
239 1687 301 1743 τοῦ
322 1687 475 1763 ποταμοῦ
496 1689 567 1755 τοῖς
589 1677 755 1765 ἀνδράσιν
779 1680 947 1762 εἰποῦσαι,
975 1677 1057 1754 τέως

48 1781 83 1848 ἀν
104 1771 363 1851 ἀπολούσωνταί
381 1807 416 1849 τε
439 1783 495 1850 καλ
511 1787 570 1863 τὰς
588 1785 731 1871 ἐσθῆτας
750 1784 976 1869 ἀπολάβωσιν,
999 1783 1056 1850 ἵνα

48 1892 84 1974 μη
105 1891 236 1976 γυμνάς
257 1891 384 1975 ὁρῶσιν
407 1891 521 1968 αὐτάς·
553 1893 766 1975 ποιησάντων
787 1890 965 1959 καὶτοῦτο
988 1901 1096 1956 τώνιι
1139 1917 1140 1920 ¹

48 1997 189 2084 ἀνδρῶν,
222 1995 555 2083 παρακελευσαμένης
586 1999 701 2076 αύταίς
729 2007 798 2082 της·
814 2001 975 2075 Κλοιλίας
1001 1996 1056 2064 καὶ

47 2105 170 2196 πρώτης
202 2105 447 2190 καταρχούσης,
480 2103 718 2189 διανηξάμεναι
744 2106 804 2169 τὸν
831 2103 982 2185 ποταμὸν
1009 2105 1057 2180 είς

47 2211 101 2294 τιΙν
127 2214 228 2278 πόλιν
250 2211 414 2294 ἀπῆλθον.
461 2213 547 2276 ἔνθα
571 2211 612 2294 δη
635 2211 781 2288 πολύςὸ
807 2211 992 2297 Ταρκύνιος
1013 2205 1092 2293 bv?

48 2317 212 2404 ἐπιορκίαν
234 2341 270 2383 τε
292 2315 349 2382 καὶ
371 2317 527 2382 ἀπιστίαν
549 2328 620 2394 τοῖς
632 2312 804 2402 Ῥωμαίοις
822 2316 982 2399 ἐγκαλῶν,
1000 2312 1056 2380 καὶ

47 2425 99 2490 τὸν
120 2423 260 2508 βασιλέα
281 2422 483 2509 παροξύνων
505 2425 551 2501 ώς
573 2423 825 2507 ἐξαπατώμενον
843 2418 899 2488 ὑπ’
922 2422 1056 2507 ἀνθρώ·
1070 2443 1097 2483 εο

48 2551 113 2596 πων
136 2533 261 2597 δολίων
284 2527 394 2616 μηθὲν
416 2529 593 2615 προσέχειν
616 2531 738 2606 αὐτοῖς.
780 2527 1055 2614 ἀπολογουμένου

50 2633 82 2701 δέ
102 2646 160 2703 τοῦ
182 2637 313 2702 ὑπάτου
335 2634 391 2704 καὶ
413 2637 451 2701 τὸ
476 2639 576 2722 ἔργον
599 2635 633 2714 ἐξ
657 2636 768 2714 αὐτῶν
791 2634 947 2720 λέγοντος
969 2630 1057 2702 εἶναι

14 2754 109 2809 οιατών
134 2742 317 2831 παρθένων
345 2745 421 2828 δίχα
448 2752 506 2826 τῆς
533 2742 689 2826 ἐπιταγῆς
716 2753 784 2807 τῶν
806 2741 973 2830 πατέρων,
1001 2740 1056 2808 καὶ
1184 2739 1185 2746 '

50 2851 82 2914 τὸ
106 2852 224 2916 πιστὸν
252 2849 314 2914 ούκ
342 2851 389 2926 είς
416 2849 546 2934 μακράν
568 2847 772 2933 παρέξεσθαι
794 2853 951 2934 λέγοντος
972 2847 1056 2933 ὑπὲρ

50 2965 102 3021 τοῦ
128 2953 233 3042 μηδὲν
261 2955 294 3035 ἐξ
323 2956 501 3039 ἐπιβουλῆς
522 2951 582 3041 ὑφ’
604 2955 733 3021 ἑαυτῶν
756 2961 960 3041 πεπρᾶχθαι,
987 2977 1056 3020 πει-
1070 2974 1096 3015 25

113 3147 287 3219 λδιδόμενα
304 3148 352 3201 Ba.
387 3145 589 3218 δεδογμέναΑ
626 3146 767 3217 δεδομένα
786 3164 808 3200 ο.
828 3145 932 3200 Reiske
954 3159 958 3214 Ι
979 3145 1057 3217 στέρ-

52 3239 104 3287 γειν
125 3241 154 3276 τε
173 3221 200 3274 Α
281 3227 299 3273 4
322 3218 372 3274 καλ
395 3219 450 3273 del.
473 3218 619 3288 Xiessling
642 3223 645 3289 Ι
674 3221 830 3288 Ούαλερίου
853 3217 979 3288 θατέρου
1001 3227 1057 3273 τῶν

53 3291 155 3347 ἀπάταν
178 3293 246 3361 post
268 3289 318 3345 καλ
340 3289 502 3344 addendum
525 3305 587 3344 esse
612 3292 709 3345 censet
728 3288 858 3343 Schnelle
877 3289 975 3344 Exere.
994 3289 1056 3344 crit.

52 3379 73 3430 p.
87 3370 119 3418 28
182 3371 199 3418 6
219 3359 364 3417 ἐπέδωκεν
383 3361 406 3415 0
426 3378 496 3416 corr.
516 3361 638 3430 Sylburg
707 3368 737 3414 11
759 3358 990 3430 παραγενόμεναι
1007 3361 1030 3414 Β
1052 3363 1055 3432 Ι

53 3432 125 3496 είςΟ
161 3435 198 3497 ὡς
217 3435 268 3488 aut
285 3433 356 3504 πρὸς
374 3449 396 3487 c.
417 3433 521 3487 Reiske
605 3439 638 3486 13
658 3430 770 3494 *ἐωςΟ
850 3438 884 3485 14
901 3451 931 3486 τε
951 3431 1056 3486 add.B

54 3511 81 3558 19
100 3505 275 3579 ἀπιστ<ί>αν
293 3505 317 3558 Β
334 3507 337 3573 Ι
354 3524 384 3559 τε
402 3504 455 3558 ΑΒ
545 3509 579 3557 22
598 3500 686 3575 εἶναι]
705 3500 853 3572 γεγονέναι
872 3519 895 3560 ο,
913 3502 1058 3570 Xiessling
