2384 3902
129 214 197 280 276
561 216 722 268 -Ξ-

94 381 113 445 3
130 380 241 444 άλλων
260 375 438 444 ἐπιλέκτων
458 376 584 444 ἱππέων
598 377 888 462 ἐπιβοηθήσαντος
902 375 1025 452 αὐτοῖς.
1053 370 1134 440 οὗτοι

129 481 192 571 μὲν
222 479 285 551 οὖν
311 484 413 550 πάλιν
440 484 665 568 ἀναλαβόντες
692 483 815 561 αὑτοὺς
843 482 1021 568 ἐμάχοντο,
1050 482 1084 547 οἱ
1105 479 1133 546 ἱλ

128 600 186 676 τῆς
209 591 381 676 φάλαγγος
402 589 563 675 ἡγεμόνες
586 588 742 676 ἑκατέρας
768 593 865 666 Τῖτος
887 589 1070 672 Αἰβούτιος
1088 585 1132 652 καὶ

129 701 300 783 Μαμίλιος
315 694 503 780 Ὀκταούιος
522 681 735 783 λαμπρότατα
747 697 883 762 πάντων
898 694 1133 779 ἀγωνιζόμενοι,

102 803 184 870 5καὶ
213 803 389 890 τρέποντες
416 799 477 889 μὲν
504 805 584 882 τοὺς
611 802 861 889 ὑφισταμένους
887 799 969 867 καθ’
996 800 1014 866 ὃ
1041 803 1132 886 χωρή-

129 929 224 977 σειαν
252 911 365 998 μέρος,
395 910 690 988 ἀντικαθιστάντες
718 907 755 976 δὲ
782 921 851 975 τῶν
874 907 1046 994 σφετέρων
1067 910 1183 983 τοὺςιιύ,

128 1016 401 1104 θορυβηθέντας,
433 1027 602 1104 χωροῦσιν
635 1016 671 1082 έκ
700 1019 914 1102 προκλήσεως
943 1015 1073 1098 ὁμόσε,Ι
1088 1011 1131 1079 καί

130 1122 353 1209 συρράξαντες
379 1123 507 1207 πληγὰς
534 1119 605 1187 κατ’
634 1121 788 1205 ἀλλήλων
810 1120 977 1206 φέρουσιν
1001 1121 1131 1206 ἰσχυράς,
1183 1122 1184 1125 ’

130 1230 172 1296 οὐ
199 1230 266 1314 μὴν
292 1233 458 1317 καιρίους,
487 1229 506 1295 ὁ
533 1225 596 1314 μὲν
625 1228 788 1313 ἱππάρχης
811 1229 859 1304 εἱς
879 1228 921 1292 τά
945 1227 1063 1312 στέρνα
1083 1236 1131 1292 τοῦ

91 1357 118 1396 10
132 1340 306 1422 Μαμιλίου
330 1338 386 1401 διὰ
407 1337 565 1432 θώρακος
587 1335 706 1412 ἐλάσας
728 1336 791 1418 την
814 1336 947 1420 αἰχμήν,
971 1335 989 1400 ὁ
1013 1330 1048 1400 δὲ
1070 1337 1131 1400 Μα·

132 1448 241 1529 μίλιος
268 1442 371 1528 μέσον
393 1445 581 1528 περονήσας
602 1443 663 1508 τὸν
684 1439 795 1519 δεξιὸν
818 1440 949 1508 ἐκείνου
972 1443 1131 1528 βραχίονα·

132 1548 187 1616 καλ
210 1553 389 1616 πίπτουσιν
412 1549 476 1614 άπὸ
499 1559 567 1614 τῶν
590 1548 710 1614 ἵππων.

199 1656 272 1721 XII.
293 1650 605 1740 Ἀποκομισθέντων
628 1653 659 1720 δ’
689 1652 888 1740 ἀμφοτέρων
909 1653 946 1719 έκ
969 1662 1027 1737 τῆς
1043 1654 1131 1738 μάχης

133 1762 151 1827 ὁ
174 1760 372 1846 τεταγμένος
393 1756 495 1838 αὖθις
512 1763 715 1848 πρεσβευτὴς
728 1761 869 1846 Μάρκος
884 1759 1066 1846 Οὐαλέριος
1081 1760 1131 1842 τὴν

91 1887 116 1928 15
131 1877 192 1933 τοῦ
219 1867 385 1953 ἱππάρχουΙ
412 1869 625 1953 παρειληφὼς
652 1866 849 1952 ἡγεμονίαν,
882 1866 1016 1943 ἐπιστὰς
1041 1865 1129 1949 (σὺν)

130 1984 201 2051 τοὶς
223 1971 305 2059 ἀμφ’
328 1974 432 2040 αὐτὸν
451 1976 607 2040 ἱππεῦσιν
625 1971 679 2040 ἐπὶ
697 1977 776 2052 τοὺς
793 1975 876 2039 κατὰ
893 1976 1070 2059 πρόσωπον
1083 1969 1130 2037 καί

89 2147 96 2162 ,
131 2083 250 2168 μικρὸν
273 2080 439 2166 άντισχών
462 2084 587 2167 χρόνον
604 2080 784 2160 ’ἐξωθεῖται
806 2079 930 2166 ταχέως
952 2091 1011 2166 τῆς
1027 2078 1129 2158 τάξεως

130 2187 184 2255 έπὶ
207 2189 307 2254 πολύ·
340 2183 423 2270 ἧκον
447 2185 485 2253 δὲ
507 2185 563 2252 καὶ
585 2189 718 2265 τούτοις
741 2188 867 2254 ἐκτῶν
893 2187 1055 2271 φυγάδων
1074 2195 1127 2250 τών

131 2295 167 2362 ἐκ
184 2291 309 2380 Ῥώμης
334 2293 460 2361 ἱππέων
481 2318 517 2360 τε
541 2293 595 2361 καί
619 2301 728 2373 ψιλῶν
750 2296 923 2379 βοήθειαι,
952 2292 1008 2360 καὶ
1030 2294 1047 2360 ὁ
1067 2296 1127 2358 Μα-

90 2421 117 2460 νο
131 2405 240 2487 μίλιος
271 2401 460 2485 ἀνειληφὼς
492 2401 528 2466 ἐκ
557 2411 615 2486 τῆς
642 2407 769 2487 πληγῆς
797 2401 918 2468 ἑαυτὸν
946 2403 1011 2486 ἤδη
1037 2408 1127 2486 παρῆν

131 2504 232 2586 αὖθις
259 2510 352 2592 άγων
381 2513 512 2592 πλῆθος
540 2507 667 2574 ἱππέων
693 2532 729 2574 τε
755 2505 812 2574 καλ
838 2512 945 2588 πεζῶν
973 2507 1125 2595 καρτερόν·

130 2614 168 2680 έν
195 2616 302 2703 τούτφ
330 2623 375 2704 τῷ
404 2614 551 2699 ἀγῶνι-ὅ
573 2638 609 2680 τε
631 2616 837 2702 πρεσβευτὴς
858 2607 1001 2702 Μάρτιος
1023 2608 1125 2679 Θύαλέ

131 2745 214 2806 ριος,
237 2721 255 2787 ὁ
278 2724 339 2787 τὸν
362 2723 444 2786 κατά
468 2723 629 2804 Σαβίνων
652 2732 782 2809 πρῶτος
804 2722 1003 2806 καταγαγὼν
1024 2719 1172 2805 θρίιιμ1063

130 2831 194 2913 βον
223 2825 279 2892 καὶ
308 2829 346 2892 τὸ
375 2830 534 2912 φρόνημα
560 2835 619 2912 τῆς
646 2830 773 2906 πόλεως
799 2825 1077 2912 τεταπεινωμένου
1098 2821 1123 2888 ίκ

204 2993 217 3040 1
238 2980 533 3058 έπιβοηθησάντωνΒ
606 2985 746 3048 λαύτούς
762 2983 840 3038 AB&
875 2984 981 3046 αύτούς
999 2983 1042 3037 Bb
1100 2981 1123 3032 14

129 3053 217 3120 αὖθις
240 3056 398 3128 πρεσβύτης
419 3053 473 3111 Μά
492 3075 540 3119 κος
558 3057 584 3110 Α
624 3052 712 3120 αὖθις
735 3053 866 3127 ύωμαίων
889 3055 1045 3128 πρεσβύτης
1059 3048 1123 3107 ΜΒ

130 3125 218 3190 αὖθις
240 3127 290 3182 καλ
311 3147 341 3182 π.
360 3130 401 3182 Μ,
421 3077 499 3180 ΟΒλ]
537 3126 674 3182 nonnulla
697 3126 834 3182 excidisse
858 3128 887 3181 et
909 3127 1001 3189 εὐθὺς
1023 3123 1123 3178 scribon·

131 3198 199 3249 dum
221 3213 282 3250 esse
306 3214 329 3250 ο.
348 3196 507 3332 Κίοεεώωχξ
564 3205 598 3253 15
617 3194 731 3260 ἐπιστάς
752 3199 804 3252 σὺν
823 3215 846 3252 ο.
865 3196 972 3252 Reiske
1043 3201 1071 3250 1⁷
1088 3193 1124 3246 ἀν

130 3265 276 3332 τισχόντας
295 3282 317 3319 ο.
336 3265 461 3332 ΡιείελτυΙ
509 3272 584 3322 ωθεῐ
600 3285 622 3323 ο,
643 3268 746 3322 Reiske
762 3272 766 3334 Ι
782 3268 888 3338 ταχέως
906 3268 961 3322 del.
978 3267 1062 3322 Cobet
1074 3263 1122 3318 Obs.

131 3350 159 3460 ρ.
180 3341 230 3386 112
254 3339 258 3401 λ
282 3333 387 3398 τάξεως
409 3335 512 3398 αύτούς
534 3336 584 3391 καλ
607 3339 704 3393 διώκει
727 3334 773 3392 ἐπὶ
795 3340 867 3394 πολὺ
891 3355 915 3392 c.
934 3337 1038 3392 Reiske
1100 3337 1122 3384 18

153 3401 245 3480 κονΟ
282 3397 333 3488 ἧκε
352 3403 474 3472 Sylburg
538 3413 570 3460 19
590 3406 753 3480 βοήθειαΟ
790 3408 926 3481 βοήθειαι
943 3407 1046 3462 Reiske
1099 3406 1122 3455 23

136 3463 325 3535 ἓὶεαγαγαγων
344 3471 366 3522 O
439 3476 606 3545 καταγαγών
626 3478 698 3532 smit
715 3478 780 3532 Obs.
799 3478 876 3547 1').23
