2394 3912
457 208 616 260 -ς,

37 368 185 451 λέξοντα,
218 368 373 452 ἐφαίνετο
408 366 438 433 δ’
470 369 595 446 οὐδείς·
633 370 651 435 ὁ
683 372 747 455 γάρ
776 375 950 450 Σικίννιος
980 385 1050 450 τοϊς

37 476 144 552 αὐτοῖς
172 475 331 552 πολλάκις
358 474 474 560 ἐχρῆτο
503 478 629 558 λόγοις·
661 475 858 562 παρέρχεται
885 480 968 545 κατὰ
989 482 1048 557 τὰς

36 581 227 667 ὑποσχέσεις
240 583 385 659 Λεύκιος
400 579 541 660 Ἰούνιος
565 583 689 659 ἐκείνος
712 583 730 649 ὁ
754 587 960 669 βουλόμενος
982 586 1050 652 ἐπι-

36 694 209 755 καλεῖσθαι
232 693 383 775 Βροῦτος
409 686 465 754 καὶ
492 691 603 773 τυχὼν
631 690 850 776 ἐπισημασίας
876 695 967 778 παρά
989 703 1050 759 τοῦ

37 799 184 880 πλήθους
216 796 346 881 ἀθρόας
378 797 536 878 τοιαάτην
569 791 701 862 διέθετο
735 799 956 884 δημηγορίαν·
1004 779 1084 893 Tb}

12 901 107 981 οιδέος
123 903 224 988 ὑμᾶς,
248 899 273 968 ὦ
293 905 446 987 δημόται,
468 904 505 968 τὸ
524 913 592 968 τῶν
610 906 793 990 πατρικίων
813 904 983 989 ἐντετηκὸς
1002 909 1049 971 έτι

36 1021 100 1086 ταῖς
122 1019 248 1094 ψυχαῖς
271 1007 469 1092 ἐκπλήσσειν
492 1012 594 1093 ἔοικε,
624 1007 679 1074 καὶ
703 1011 759 1075 διά
780 1020 881 1078 τοῦτο
905 1035 1049 1078 τεταπει-

38 1115 175 1200 νωμένοι
205 1115 322 1200 φέρειν
349 1119 429 1192 τοὺς
456 1119 577 1198 λόγους
602 1118 652 1206 είς
680 1116 799 1201 μέσον,
831 1109 882 1195 οἷς
909 1119 1050 1185 εἰώθατε

38 1229 176 1308 χρῆσθαι
200 1225 283 1309 πρὸς
306 1222 483 1307 ἀλλήλους,
511 1223 646 1289 ὀκνεῖτε.
693 1229 796 1289 οίεται
820 1222 851 1289 δ’
874 1231 954 1302 ίσως
977 1225 1050 1292 ἕκα-

39 1345 107 1406 στος
132 1330 232 1415 ὑμῶν
260 1331 319 1396 τὸν
347 1333 490 1414 πλησίον
513 1326 596 1415 ὑπὲρ
619 1339 680 1396 τοῦ
702 1338 822 1396 κοινοῦ
844 1330 966 1414 λέξειν,
994 1330 1050 1397 καὶ
1065 1349 1091 1390 1⁰

38 1437 154 1514 πάντας
174 1441 315 1522 μᾶλλον,
340 1442 374 1502 εί
387 1459 419 1501 τι
437 1437 643 1522 κινδύνευμά
661 1437 764 1521 ἐστιν,
782 1437 973 1522 ὑπομενεῖν,
992 1439 1050 1505 αὐ-

39 1544 87 1620 τὸς
114 1542 144 1609 δ’
173 1543 211 1609 ἐν
238 1551 284 1631 τῷ
313 1542 459 1627 ἀσφαλεῖ
478 1543 643 1627 βεβηκώς,
670 1543 688 1608 ὅ
711 1566 743 1608 τι
766 1541 809 1609 ἀν
832 1543 868 1610 ἐκ
891 1553 953 1609 τοῦ
976 1550 1050 1610 τολ-

39 1659 139 1732 μηροῦ
171 1650 319 1735 χρηστὸν
351 1647 562 1734 περιγένηται
569 1699 579 1734 ,
610 1649 732 1715 τούτου
764 1651 801 1715 τὸ
834 1649 933 1735 μέρος
962 1650 1049 1731 ἕξειν

40 1755 147 1834 ἀδεῶς·
171 1765 281 1832 κακῶς
304 1757 410 1832 εἰδώς.
447 1758 478 1820 εἰ
498 1757 561 1841 γάρ
585 1756 726 1832 ἀπαντες
748 1765 846 1824 τοῦτο
869 1757 1050 1841 ὑπολάβοι-

41 1845 108 1947 μεν,
135 1862 155 1946 ή
184 1859 265 1928 καθ’
287 1861 347 1927 ἕνα
374 1863 469 1948 ὑμῶν
497 1861 637 1928 ἕκαστον
665 1862 804 1948 ἀτολμία
826 1865 921 1948 κοινή
947 1873 1049 1930 πᾶσιν
1064 1881 1089 1921 1⁵

41 1970 122 2034 ἐσται
145 1969 271 2054 βλάβη,
298 1966 354 2035 καὶ
378 1969 414 2034 ἐν
438 1960 463 2056 ᾦ
487 1970 524 2035 τὸ
549 1971 638 2034 ίδιόν
665 1992 716 2046 τις
738 1967 884 2054 ἀσφαλὲς
908 1970 1050 2037 ἀποσκο-

40 2086 89 2140 πεί
113 2078 150 2141 τὸ
181 2078 262 2161 μετὰ
291 2077 427 2142 πάντων
454 2078 570 2142 κοινὸν
597 2076 720 2141 ἀπολεί.
767 2074 837 2141 ἀλλ’
865 2079 896 2142 εἰ
922 2075 977 2142 καὶ
1005 2079 1086 2162 μή4

41 2184 196 2270 πρότερον
227 2185 366 2268 ἔγνωτε,
399 2182 450 2248 ὅτι
477 2181 610 2248 λέλυται
636 2180 779 2258 τὸέδέος
807 2183 901 2266 ὑμῶν
928 2181 984 2249 καὶ
1011 2184 1049 2248 τὸ

41 2285 216 2375 ἐλεύθερον
239 2291 305 2374 ἀμα
328 2300 399 2366 τοῖς
422 2289 536 2365 ὅπλοις
559 2291 702 2374 βεβαίως
722 2290 822 2373 ἔχετε,
844 2297 909 2353 νῦν
932 2286 962 2373 μ’
985 2291 1049 2374 ήδη

42 2395 155 2476 μάθετε
180 2398 395 2474 διδασκάλοις
417 2397 620 2482 χρησάμενοι
641 2397 781 2472 τούτοις.
819 2397 854 2460 οί
870 2396 933 2480 γὰρ
951 2397 1050 2481 ὑπερ·
1065 2432 1092 2471 20

42 2503 158 2584 ήφανοι
181 2501 237 2568 καὶ
261 2506 373 2589 βαρεῖς
397 2503 459 2568 οὐκ
482 2502 707 2579 ἐπιτάττοντες
726 2501 806 2587 ὑμῖν
824 2503 869 2580 ὡς
886 2505 1050 2588 πρότερον

42 2607 174 2688 ήκουσιν
199 2605 273 2676 οὐδ’
295 2609 520 2694 ἀπειλοῦντες,
543 2609 627 2674 ἀλλὰ
650 2610 803 2694 δεόμενοι
825 2607 881 2675 καὶ
903 2631 1050 2693 παρακα-

12 2717 188 2801 ιοίλοῦντες,
216 2713 269 2782 ἐπὶ
291 2717 332 2782 τά
354 2713 495 2801 ὑμέτερα
518 2715 604 2801 ὑμᾶς
626 2715 788 2800 κατιέναι,
811 2713 869 2780 καὶ
892 2716 937 2793 ὡς
960 2715 1050 2782 ἐλευ-

110 2916 123 2962 1
143 2906 209 2964 οὐδὲ
229 2906 269 2972 εἷς
286 2909 309 2962 Β
379 2917 394 2963 2
413 2906 636 2980 προςέρχεταιΟ
673 2906 841 2980 προέρχεται
859 2909 960 2963 Portus
979 2929 1052 2976 παρ-

46 2973 146 3046 έρχεται
169 2981 278 3050 Kayser
300 2980 372 3036 Ann.
395 2979 466 3050 phil.
487 2985 556 3034 1866
580 2998 607 3049 p.
628 2986 661 3034 46
753 2985 768 3032 9
793 2982 882 3034 οἴεται
906 2978 934 3034 δ’
955 2996 1008 3036 om.
1028 2979 1050 3033 B

46 3052 74 3101 11
92 3051 199 3115 πάντας
222 3055 326 3122 μᾶλλον
346 3051 368 3105 O
406 3051 455 3106 καὶ
478 3050 562 3113 αὐτὸς
585 3049 655 3120 μετὰ
673 3047 787 3106 πάντων
806 3054 910 3121 μᾶλλον
930 3051 1051 3120 Sylburg

45 3127 97 3174 πᾶν
122 3122 244 3194 άσμενον
270 3140 293 3177 ο.
319 3122 484 3178 dubitanter
506 3121 650 3191 Kiessling
686 3120 795 3184 πάντας
815 3117 923 3176 ἕαυτῶν
946 3127 1051 3192 μᾶλλον

45 3187 144 3258 Kayser
162 3195 180 3248 l.
199 3195 218 3248 1.
237 3212 265 3263 p.
280 3191 509 3318 44χδπομένειν
528 3191 550 3247 O
587 3193 740 3263 ὑπομενεῖν
759 3209 781 3248 ο.
801 3192 945 3262 Kiessling
1018 3199 1050 3248 13

47 3263 137 3318 τούτου
156 3265 201 3390 τὸ]
223 3273 305 3320 τοῦτο
440 3272 471 3320 16
491 3264 624 3332 ἀσφαλῶς
641 3265 689 3318 Ba
726 3262 850 3334 ἀσφαλὲς
868 3263 944 3319 ABb
983 3331 985 3338 Ι
1020 3272 1050 3320 17

47 3334 135 3389 κοινὸν
154 3337 208 3390 de.
228 3335 333 3391 Reiske
404 3343 435 3391 19
455 3343 507 3390 νῦν
526 3354 557 3404 χε
577 3335 612 3404 δὴ
632 3352 654 3390 ο.
675 3334 764 3390 Οοοελ
783 3336 848 3390 Obs.
867 3354 894 3404 p.
911 3342 962 3392 128
1017 3341 1051 3389 20

48 3403 76 3466 ⁰6
94 3404 184 3477 χὰρΒ
222 3405 252 3462 οἱ
266 3406 365 3479 χάρΒ
446 3413 479 3462 23
499 3404 621 3479 ἡμέτερα
638 3407 715 3462 ABa
751 3404 871 3479 ὑμέτερα
890 3407 1054 3477 Βοήκατι-

50 3471 116 3546 έναι]
135 3485 262 3534 κατεῖναι
280 3478 303 3531 Β

95 3575 190 3620 mom.
204 3579 269 3620 Ηειι.
281 3579 314 3618 11.
335 3589 374 3619 ιο.
388 3579 490 3620 δεοοεε.
857 3574 892 3623 24
