2400 3912
460 233 625 284 „E-

54 386 126 476 ὑπὲρ
150 399 206 476 τής
231 393 392 480 πατρίδος
419 392 663 460 ἀποθανόντων
686 390 879 479 ἀρξάμενοι,
908 386 967 459 εἴτ’
990 393 1054 459 ἀπὸ

53 507 110 562 τῶν
129 495 202 584 περὶ
217 503 420 585 Μαραθῶνα
443 501 560 585 ἔργων.
596 497 731 584 ὑστερεῖ
752 494 790 564 δὲ
808 494 863 563 καὶ
881 500 921 563 τά
934 502 1055 585 Μαρα-

52 603 149 668 θώνια
170 613 227 690 τής
241 605 397 691 Βρούτου
418 614 536 690 σαφής,
560 607 592 672 εί
614 606 655 689 δή
679 603 743 670 ἀπὸ
765 605 895 669 τούτων
913 606 1055 691 πρώτων

51 709 180 794 ήρξαντο
208 712 244 777 οί
268 714 399 778 ἔπαινοι
428 710 587 795 λέγεσθαι
609 722 680 789 τοῖς
703 710 975 796 ἀπογενομένοις,
1004 710 1054 776 ἕκ-

51 817 172 881 καίδεκα
195 820 312 884 ἐτεσιν.
350 820 382 884 εί
399 817 439 884 δέ
454 841 504 895 τις
522 817 621 897 ἐάσας
639 828 787 901 σκοπεῖν,
812 818 950 895 οἵτινες
967 796 1089 911 ήσιινὲ5

52 923 80 986 οδ
99 933 221 1010 πρῶτοι
248 927 328 1002 τοὺς
354 924 552 1010 ἐπιταφίους
579 923 737 1002 ἐπαίνους
759 924 1054 1010 καταστησάμενοι,

51 1031 99 1094 τὸν
125 1033 231 1117 νόμον
262 1032 365 1099 αὐτὸν
392 1028 446 1116 ἐφ’
473 1029 596 1098 ἑαυτοῦ
623 1033 809 1116 βουληθείη
837 1036 1054 1114 καταμωθεῖν,

21 1133 115 1222 ειπερ
140 1136 313 1225 ὁποτέροις
342 1140 481 1224 άμεινον
511 1141 593 1224 ἔχει,
623 1138 773 1226 τοσούτφ
801 1139 1055 1224 φρονιμώτερον

51 1243 169 1329 εὑρήσει
196 1246 287 1330 παρὰ
314 1246 427 1310 τοῖσδε
454 1247 609 1330 κείμενον
635 1242 738 1310 αὐτὸν
761 1244 781 1328 ή
805 1238 883 1330 παρ’
904 1244 1055 1326 ἐκείνοις,

50 1351 106 1439 δσφ
127 1350 159 1436 γ’
179 1350 356 1438 Ἀθηναῖοι
375 1348 437 1437 μὲν
456 1349 509 1418 ἐπὶ
527 1363 598 1429 τοῖς
616 1350 653 1416 ἐκ
670 1361 738 1418 τῶν
757 1349 912 1435 πολέμων
929 1357 1054 1415 θαπτο-
1070 1369 1095 1409 10

50 1456 148 1542 μένοις
183 1460 458 1542 καταστήσασθαι
494 1461 573 1535 τοὺς
604 1456 800 1543 ἐπιταφίους
832 1456 1055 1544 ἀγορεύεσθαι

50 1567 156 1648 λόγους
177 1566 340 1631 δοκοῦσιν
359 1563 395 1632 ἐκ
414 1574 491 1650 μιᾶς
508 1573 566 1648 τής
584 1562 660 1651 περὶ
678 1566 738 1630 τδν
756 1564 909 1630 θάνατον
928 1563 1055 1651 ἀρετῆς,

50 1669 101 1736 κάν
132 1667 239 1738 τᾶλλα
270 1675 400 1756 φαῦλος
435 1669 576 1756 γίνηταί
607 1695 672 1755 τις,
710 1671 869 1751 ἐξετάζειν
907 1672 1056 1756 οἰόμενοι

50 1778 110 1842 δεῖν
135 1781 216 1858 τοὺς
246 1777 411 1862 ἀγαθούς·
446 1774 603 1864 Ῥωμαῖοι
631 1775 669 1845 δὲ
696 1787 776 1844 πᾶσι
806 1789 876 1855 τοῖς
908 1776 1091 1856 ἐνδόξοιςὸ

49 1883 213 1972 ἀνδράσιν,
238 1884 297 1951 ἐάν
320 1907 355 1950 τε
377 1882 534 1971 πολέμων
556 1885 736 1970 ἡγεμονίας
758 1887 917 1969 λαβόντες
940 1883 999 1950 ἐάν
1021 1906 1056 1950 τε
1071 1900 1096 1941 1⁵

48 1997 216 2059 πολιτικῶν
246 1994 355 2078 ἔργων
383 1994 587 2078 προστασίας
614 1993 736 2072 συνετά
763 1992 974 2078 βουλεύματα
1001 1987 1057 2056 καὶ

47 2097 169 2182 πράξεις
193 2097 438 2178 ἀποδείξωνται
456 2098 573 2182 καλάς,
596 2098 722 2182 ταύτην
745 2098 863 2178 ἔταξαν
885 2092 973 2163 εἶναι
994 2097 1057 2180 τήν

48 2209 145 2290 τιμήν,
165 2206 209 2272 οὐ
229 2208 336 2290 μόνον
354 2215 425 2283 τοῖς
443 2206 526 2270 κατὰ
543 2207 690 2290 πόλεμον
709 2173 953 2285 ἀποθανοῦσιν,
973 2202 1056 2268 ἀλλὰ

47 2310 188 2392 καὶτοῖς
215 2313 440 2400 ὁποιᾳδήποτε
468 2309 690 2397 χρησαμένοις
718 2319 779 2376 τοῦ
805 2311 883 2393 βίον
909 2313 1056 2394 τελευτή,

48 2415 75 2494 ἐξ
104 2417 235 2504 ἁπάσης
265 2428 323 2503 τής
355 2416 431 2504 περὶ
457 2420 519 2484 τὸν
548 2420 625 2502 βίον
656 2417 773 2504 ἀρετῆς
805 2417 954 2499 οἰόμενοι
985 2417 1057 2480 δεῖν
1071 2434 1098 2476 ω

49 2524 253 2593 ἐπαινεῖσθαι
280 2528 360 2604 τοὺς
384 2525 549 2609 ἀγαθούς,
578 2525 640 2590 οὐκ
663 2523 700 2590 ἐκ
722 2532 798 2609 μιᾶς
820 2532 879 2610 τῆς
899 2519 976 2608 περὶ
998 2522 1058 2586 τὸν

48 2632 191 2700 θάνατον
215 2632 374 2709 εὐκλείας.

105 2739 228 2806 XVIII.
257 2736 400 2815 Ἰούνιος
427 2735 488 2824 μὲν
517 2739 558 2822 δὴ
581 2741 731 2820 Βροῦτος
758 2737 776 2803 δ
799 2737 862 2820 τήν
886 2737 1058 2819 βασιλείαν

49 2843 190 2928 ἐκβαλὼν
213 2843 269 2912 καὶ
292 2855 422 2930 πρῶτος
445 2842 657 2928 ἀποδειχθεὶς
679 2843 817 2926 ὕπατος,
842 2839 904 2920 ὀψε
927 2838 988 2927 μὲν
1012 2843 1059 2917 είς

50 2949 239 3036 ἐπιφάνειαν
266 2951 461 3039 προελθών,
492 2949 597 3036 ἀκαρή
626 2946 664 3014 δέ
691 2951 814 3036 χρόνον
842 2948 994 3030 ἀνθήσας
1021 2946 1058 3012 ἐν
1072 2964 1098 3006 ιε

19 3057 123 3144 θῦούτή
149 3056 323 3144 Ῥωμαίων
360 3056 515 3123 ἁπάντων
547 3055 721 3142 κράτιστος
753 3051 872 3139 φανεὶς
903 3054 1059 3137 τοιαύτης

112 3223 128 3270 2
148 3213 238 3288 ἔργων
257 3215 313 3271 del.
327 3214 466 3270 Bfieheler
481 3219 485 3282 Ι
502 3211 534 3269 δὲ
552 3214 588 3269 τδι
605 3212 791 3284 Μαραθώνια
805 3210 892 3266 nalo
911 3226 980 3265 corr.
997 3210 1060 3279 syl-

49 3285 115 3355 burg
194 3294 211 3342 4
227 3282 277 3370 ἐπὶ
295 3293 355 3370 τοῖς
373 3304 395 3341 ο.
414 3284 560 3374 Kiesgling
633 3292 666 3339 10
685 3283 740 3338 όσω
759 3303 788 3338 τε
807 3282 831 3335 Β
847 3288 851 3349 Ι
867 3278 1060 3372 θαπτομὲγοις

50 3354 138 3423 μόνοις
157 3374 181 3415 ο.
200 3358 345 3427 ffiesslmg
409 3359 481 3412 15δ
509 3351 545 3425 ἐφ
574 3355 663 3410 ἅπασι
682 3353 705 3409 0
723 3354 877 3424 praeterB
943 3360 976 3408 16
995 3373 1060 3424 ηγε-

51 3431 145 3494 μονίαν
165 3430 188 3484 0
224 3429 377 3556 ήγεμονίας
393 3427 498 3510 Reiske
515 3432 519 3496 l
537 3422 587 3482 ἐάν
606 3447 633 3517 τμ
651 3430 803 3481 πολιτικῶν
821 3424 844 3477 Β
905 3431 938 3480 18
958 3424 991 3480 ού
1010 3422 1059 3494 μό-

51 3517 95 3552 νον
114 3495 186 3555 &vo
239 3519 256 3554 ν
275 3499 329 3555 deL
349 3499 453 3554 Relske
525 3503 560 3552 25
579 3492 614 3551 ἐτι
642 3495 755 3567 αύτῇΒ
