2400 3912
459 166 553 269 ’.Δ
589 247 623 258 -·
854 289 856 296 ,
1008 218 1050 282 67

42 382 152 468 ἀρχήν,
170 381 231 446 τὸν
250 376 288 446 δὲ
307 380 415 464 δῆμον
435 379 497 445 οὐκ
516 373 603 446 εἰναι
621 379 741 467 κύριον
759 378 936 465 τάλλότρια
950 377 1050 468 ἑτέρῳ

41 489 178 554 διδόναι.
223 495 370 589 κραιηεῆς
403 482 440 551 δὲ
469 484 526 551 καὶ
553 484 806 570 ἀγανακτήσεως
834 485 866 564 ἐξ
895 485 1088 552 ἀπύντων4

41 593 88 660 ἐπὶ
111 595 219 682 τούτῳ
242 591 425 678 γενομένης
448 602 615 678 σιωπῆσαι
637 593 794 670 κελεύσας
814 593 938 670 αὐτοὺς
955 592 1051 676 ἠξίου

41 697 139 784 μηδὲν
157 701 326 785 ἄχθεσθαι
344 697 429 785 μηδὲ
448 698 646 783 ἀγανακτεῖν
664 701 747 785 πρὸς
765 701 825 765 τὸν
843 700 956 782 λόγον,
976 695 1048 764 ἀλλ’

41 813 68 872 εἰ
84 831 117 872 τι
140 808 273 872 δίκαιον
296 808 402 872 εἰπεῖν
425 809 492 890 ἔχει
514 806 710 892 Ταρκύνιος,
733 811 846 885 καλεῖν
869 805 973 873 αὐτὸν
995 803 1078 870 καλε

5 911 274 998 ῖῖῖδιδαχθέντας,
302 912 361 978 ἐάν
383 907 412 977 τ’
435 911 658 1001 ἀδικούμενον
682 901 827 998 εὕρωσιν
850 909 959 978 ἐάντ’
982 910 1052 977 ἐπι-

40 1021 244 1105 τηδειότερον
263 1021 388 1107 ἀρχειν,
408 1019 523 1108 ἰκείνφ
538 1021 754 1105 παραδοῦναι
771 1020 833 1107 τῂν
849 1029 907 1104 τῆς
924 1021 1052 1096 πόλεως

40 1131 252 1212 προστασίαν·
289 1127 390 1204 αὐτὸς
419 1123 456 1192 δὲ
484 1137 542 1212 τῆς
569 1126 671 1213 ἀρχῆς
693 1128 819 1210 ἔφησεν
843 1127 1053 1210 ἀφίστασθαι

39 1232 88 1299 καί
117 1234 317 1301 ἀποδιδόναι
343 1243 414 1311 τοῖς
440 1237 585 1321 κυρίοις,
613 1230 691 1319 παρ’
716 1227 765 1298 ὧν
792 1231 897 1316 αὐτὴν
924 1234 1051 1316 ἔλαβεν.

40 1349 136 1406 ταῦτα
157 1339 314 1419 λέξαντος
332 1340 437 1406 αὐτοῦ
454 1342 670 1424 καταβαίνειν
687 1336 718 1404 τ’
741 1339 805 1404 ἀπὸ
823 1347 885 1405 τοῦ
904 1319 1091 1433 βηματοςξ)ο

40 1445 242 1533 βουλομένου
266 1450 394 1533 κραυγή
417 1445 447 1511 τ’
471 1446 503 1527 ἐξ
528 1446 683 1512 ἀπόντων
701 1445 829 1530 ἐγίνετο
847 1443 902 1510 καὶ
921 1446 1051 1529 δεήσεις

40 1553 152 1620 πολλαὶ
175 1556 240 1620 σὺν
263 1555 424 1642 οἰμωγαῖς
444 1550 528 1639 ὑπὲρ
546 1563 607 1619 τοῦ
626 1551 745 1637 μηδενὶ
763 1547 976 1639 παραχωρεῖν
993 1561 1052 1636 τῆς

41 1661 148 1746 ἀρχῆς·
185 1658 275 1738 τινὲς
297 1658 327 1726 δ’
350 1660 384 1740 ἐξ
408 1660 520 1726 αὐτῶν
543 1659 598 1726 καὶ
621 1643 758 1744 βάλλειν
781 1661 840 1725 τδν
862 1659 1051 1740 Ταρκύνιον
1126 1673 1135 1690 ·

41 1766 148 1850 ἐβόων.
195 1768 322 1843 ἐκεῖνος
348 1762 410 1851 μὲν
442 1761 505 1831 οὖν
533 1767 646 1842 δείσας
672 1768 734 1850 τὴν
763 1765 798 1831 ἐκ
821 1767 930 1850 χειρὸς
953 1767 1051 1847 δίκην

41 1872 137 1959 ὁρμῆς
171 1875 238 1958 ἥδη
274 1871 453 1957 γενομένης
489 1882 556 1937 τῶν
590 1874 699 1957 όχλων
730 1868 780 1937 ἐπ’
812 1871 915 1936 αὐτὸν
948 1870 1050 1958 ᾤχετο
1065 1888 1091 1928 15

41 1981 168 2063 φεύγων
191 1981 259 2067 ἀμα
280 1990 351 2056 τοῖς
374 1976 532 2065 ἑταίροις·
567 1979 628 2044 τὸν
652 1975 689 2043 δὲ
711 1979 856 2045 Τύλλιον
879 1977 1052 2062 ηπληθὺς
1160 2035 1161 2039 ,

41 2087 143 2152 ἀπασα
171 2087 253 2172 μετά
281 2095 386 2172 χαρᾶς
415 2083 471 2151 καὶ
498 2086 621 2171 κρότου
652 2083 708 2150 καὶ
735 2089 859 2169 πολλῆς
887 2083 1052 2168 εὐφημίας

42 2193 297 2278 παραπέμπουσα
320 2189 417 2278 μέχρι
439 2200 498 2275 τῆς
519 2192 626 2267 οἰκίας
648 2189 855 2274 κατέστησεν.
887 2233 889 2238 ,
1060 2191 1063 2196 ’

102 2299 282 2366 XXXVIII.
307 2294 363 2375 Ὡς
392 2293 429 2363 δὲ
451 2295 507 2362 καὶ
529 2297 832 2382 ταύτηςδιημαρτε
855 2302 913 2378 τῆς
935 2294 1051 2378 πείρας

43 2404 60 2468 δ
83 2406 278 2491 Ταρκύνιος,
309 2403 491 2489 ἀδημονῶν
519 2400 572 2469 ἐπὶ
599 2409 645 2490 τῷ
670 2402 835 2485 μηδεμίαν
857 2399 946 2489 αύτῷ
971 2402 1049 2484 βοή-
1064 2391 1092 2457 εἰ

42 2516 132 2577 δειαν
150 2513 241 2597 παρά
258 2519 316 2595 τῆς
333 2512 468 2593 βουλῆς,
486 2501 508 2595 ᾗ
523 2510 664 2594 μάλιστα
679 2507 861 2590 ἐπεποίθει,
879 2505 1049 2591 γενέσθαι,

44 2621 156 2703 χρόνον
190 2617 251 2704 μέν
281 2639 358 2682 τινα
392 2615 536 2700 διέτριβε
568 2611 640 2681 κατ’
666 2618 776 2681 οἰκιάν
807 2624 878 2691 τοῖς
909 2611 1051 2699 ἑταίροις

5 2727 150 2806 ιεεμόνοις
182 2725 431 2808 διαλεγόμενος·
478 2724 590 2787 ἔπειτα
621 2721 759 2806 γνώμην
792 2717 1051 2805 ἀποδειξαμένης

43 2839 91 2914 τῆς
114 2831 273 2914 γυναικὸς
296 2825 401 2915 μηδὲν
424 2829 472 2893 ἔτι
495 2831 735 2913 μαλακίζεσθαι
757 2823 842 2911 μηδὲ
864 2837 1048 2908 κατοκνεῖν,

45 2936 117 3002 ἀλλά
147 2939 376 3020 καταβαλόντα
408 2937 496 3012 τοὺς·
520 2936 641 3018 λόγους
673 2931 726 2999 ἐπὶ
752 2933 793 2997 τά
820 2934 901 3018 ἔργα
928 2941 1049 3016 χωρεῖν
1064 2946 1090 2986 2⁵

46 3044 213 3129 διαλλαγάς
231 3052 365 3130 πρῶτον
384 3042 568 3128 εὑρόμενον
588 3043 643 3106 διά
662 3044 772 3126 φίλων
790 3040 873 3126 πρὸς
889 3039 948 3104 τὸν
965 3038 1049 3101 Τύλ-

108 3199 307 3275 8αύτ<δ>ςΒ
386 3204 418 3252 12
439 3197 621 3326 μηδενχλ>Β
702 3203 736 3251 14
755 3196 847 3266 χειρὸς
866 3195 954 3265 δρμην
973 3214 1050 3265 γινο-

45 3269 123 3342 μένην
142 3273 164 3328 0
182 3270 336 3343 praesserB
403 3275 436 3323 15
456 3266 502 3325 ἐπ’
518 3290 598 3326 οιτον
617 3266 703 3340 ύχετο
722 3284 744 3323 ο.
764 3268 865 3322 Portus
931 3271 962 3320 1⁷
982 3269 1050 3320 πολ-

45 3345 86 3410 λῆς
103 3345 207 3400 add.B
264 3347 297 3397 18
317 3339 409 3404 οἰκίας
427 3342 513 3410 αὐτῆς
530 3342 556 3395 Α
592 3325 678 3410 αύτῆς
697 3338 788 3394 om.B
826 3336 917 3400 οἰκίας
936 3333 982 3393 ἐπ’
999 3335 1060 3392 αἰ]

44 3420 86 3534 ἰῆς
101 3415 253 3540 ΒΙνλελτοΙΠ
271 3419 323 3541 232
344 3407 507 3486 ἕτ<αί>ροις
525 3415 547 3467 Β
628 3418 663 3467 25
683 3407 863 3482 ἀποβαλόντα
881 3426 904 3463 ο.
925 3408 1049 3464 Sintenis

65 3502 97 3542 m.
140 3505 194 3543 lon.

853 3567 889 3623 ὅ*
