2384 3902
449 203 610 254 -3-
974 200 1038 266 271

32 359 114 426 πάνυ
140 362 413 445 κατηγωνίσαντο
443 360 615 446 δυνάμεις,
643 361 749 438 οὑτως
777 362 860 428 ὥστε
882 359 966 447 μηδὲ
988 385 1041 428 πι·

33 468 126 543 στοὺς
147 461 236 532 είναι
257 477 328 544 τοῖς
349 471 486 543 πολλοῖς
508 469 587 544 τοὺς
608 464 683 552 περὶ
702 466 813 532 αὐτῶν
831 469 961 550 λόγους.
997 469 1040 535 ἐῶ

32 567 139 638 τᾶλλα·
176 569 249 638 ἀλλ’
275 572 371 656 ὑμεῖς
399 569 496 638 αὑτοὶ
523 575 650 650 πόσους
676 573 916 658 κατωρθώκατε
943 575 1041 642 πολέ·

33 702 108 762 μους
135 675 205 763 μετ’
228 678 404 756 ἐλάττονος
430 677 451 761 ἣ
475 679 556 762 ὅσης
577 687 642 744 νῦν
665 681 752 762 ἔχετε
776 680 950 764 δυνάμεως
971 686 1040 765 μεί-

34 788 116 863 ζοσιν
143 785 164 870 ἢ
187 785 366 862 τοσαύταις
387 795 612 870 παρασκευαῖς
633 787 802 868 πολεμίων
825 784 1066 871 ίιντιταχθέν-ε

33 915 91 970 τες;
124 889 223 977 φέρε,
255 891 340 956 ἀλλὰ
366 901 438 967 τοῖς
464 886 526 974 μὲν
551 890 666 966 ἄλλοις
693 889 836 976 φοβεροί
863 893 1040 960 διατελεῖτε

33 999 116 1074 ὄντες
138 993 187 1064 ὧν
207 997 372 1082 ἐκρατεῖτε
390 998 583 1081 μαχόμενοι,
604 999 765 1074 Λατίνοις
779 993 811 1062 θ’
831 999 897 1084 ἄρα
910 1000 1040 1077 τούτοις

31 1101 79 1167 καὶ
103 1115 174 1181 τοῖς
199 1103 386 1188 συμμάχοις
408 1102 519 1168 αὐτῶν
543 1101 770 1180 Οὐολούσκοις
792 1104 1040 1191 εὐκαταφρόνη-

31 1232 89 1293 τοι,
119 1210 238 1275 διὰτὸ
261 1211 306 1294 μη
329 1211 536 1294 πειραθῆναί
554 1231 633 1274 ποτε
656 1208 778 1285 αὐτοὺς
800 1219 858 1294 τῆς
879 1209 1040 1297 ὑμετέρας

32 1315 142 1399 μίχης;
166 1315 252 1380 ἀλλὰ
274 1315 395 1392 πάντες
418 1321 498 1398 ῖστε,
522 1314 574 1380 ὅτι
591 1312 682 1380 ταῦτ’
705 1314 876 1400 ἀμφότερα
893 1317 934 1380 τὺ
953 1319 1037 1400 ἔθνη
1053 1339 1080 1379 ιο

31 1426 160 1500 πολλαῖς
197 1421 320 1487 ἐνίκων
356 1422 475 1506 μάχαις
506 1421 543 1488 οί
570 1419 708 1506 πατέρες
738 1420 842 1506 ἡμῶν.
892 1416 943 1507 ἆρ’
975 1417 1074 1492 οὑν3

32 1530 124 1610 λόγον
157 1531 227 1613 ἔχει
257 1529 298 1592 τὰ
330 1523 392 1612 μὲν
423 1537 492 1592 τῶν
521 1525 757 1612 κρατηθέντων
785 1527 959 1612 πράγματα
986 1525 1039 1594 ἐπὶ

32 1644 93 1710 ταῖς
118 1634 291 1710 τοιαύταις
314 1643 504 1718 συμφοραῖς
525 1636 697 1719 κρείττονα
721 1627 821 1716 εἶναι,
849 1634 889 1698 τὰ
912 1630 950 1698 δὲ
972 1643 1039 1698 τῶν

32 1740 272 1824 κεκρατηκότων
290 1736 345 1804 ἐπὶ
362 1749 434 1816 ταῖς
451 1739 663 1821 τηλικαύταις
681 1739 875 1824 εὐπραγίαις
887 1741 1038 1824 χείρονας

32 1842 78 1908 καὶ
103 1849 154 1924 τίς
182 1845 225 1912 ἂν
251 1854 351 1911 τοῦτο
379 1847 496 1930 φήσειε
522 1854 608 1911 νοῦν
635 1847 736 1929 ἔχωνς
768 1847 979 1930 θαυμάσαιμι
1004 1844 1035 1911 θ’
1053 1867 1079 1908 ιε

10 1951 82 2036 ῖῖύν,
108 1959 143 2019 εί
162 1975 213 2030 τις
235 1952 331 2037 ὑμῶν
352 1952 391 2016 τὸ
414 1948 476 2036 μὲν
498 1961 566 2017 τῶν
587 1953 757 2036 πολεμίων
779 1956 924 2036 πλῆθος,
952 1950 989 2018 ἐν
1011 1943 1038 2038 ᾧ

33 2059 130 2144 βραχὺ
153 2059 192 2123 τὸ
215 2060 374 2142 γενναῖόν
398 2057 501 2140 ἐστιν,
524 2057 677 2143 ὀρρωδεῖ,
699 2066 758 2142 τῆς
781 2055 813 2123 δ’
834 2059 958 2134 οίκείας
980 2058 1039 2122 ὑυ-
1098 2098 1104 2113 ι

32 2163 151 2248 νάμεως
184 2164 273 2230 οὑτω
302 2168 427 2247 πολλῆς
454 2160 509 2228 καλ
537 2162 667 2247 ἀγαθῆς
695 2164 797 2246 οὔσης
823 2172 1038 2247 καταφρονεῖ,

33 2263 64 2349 ἧς
92 2264 166 2336 οὔτ’
196 2269 295 2355 ἀρετῇ
322 2273 482 2356 κρείττων
515 2263 588 2334 οὔτ’
620 2269 753 2356 ἀριθμῷ
786 2270 909 2334 πλείων
936 2284 1038 2353 συνη-
1105 2258 1108 2264 ’
1166 2282 1169 2288 ’

32 2372 126 2460 νίγθη
157 2373 237 2444 ποτὲ
259 2375 340 2460 ἡμῖν
363 2375 401 2440 ἐν
425 2372 540 2440 οὐθενὶ
562 2385 630 2440 τῶν
652 2375 717 2460 πρὸ
740 2375 863 2442 τούτου
884 2372 1039 2459 πολέμου
1052 2395 1078 2435 νο

33 2479 174 2567 δύναμις.

88 2585 199 2652 VIIII.
230 2583 298 2652 Καὶ
324 2587 417 2669 τόὺε,
446 2580 472 2650 ὦ
500 2591 647 2670 πολῖται,
674 2595 736 2654 τοῦ
763 2583 838 2672 μήτ’
873 2587 1038 2673 ὀρρωδεῖν

34 2685 96 2774 μήτ’
135 2692 355 2778 ἐκτρέπεσθαι
385 2694 426 2757 τὰ
458 2693 553 2758 δεινὰ
584 2691 743 2777 μέγιστον
772 2692 1037 2779 παρακέλευσμα,

35 2795 75 2860 ὅτι
95 2800 217 2876 πάντες
240 2800 276 2865 οί
295 2797 521 2884 πρωτεύοντες
541 2807 602 2863 τοῦ
621 2801 839 2882 βουλευτικοῦ
857 2800 1037 2885 συνεδρίου

34 2899 192 2987 πάρεισιν,
219 2905 330 2989 ὥσπερ
358 2904 470 2989 ὁρᾶτε,
497 2905 613 2980 κοινὰς
638 2904 720 2989 ὑμῖν
741 2906 958 2989 ποιησόμενοι
980 2906 1038 2982 τὰς
1051 2924 1077 2965 νε

34 3017 84 3073 τοῦ
105 3007 255 3095 πολέμου
276 3010 388 3095 τύχας,
412 3001 462 3087 οἷς
486 3009 648 3095 ἀφεῖσθαι
671 3014 842 3098 στρατείας
865 3011 883 3076 ὅ
906 3035 940 3076 τε
963 3013 1037 3099 χρό-

97 3239 179 3292 sem
180 3242 255 3294 ελε
253 3257 283 3292 τε
301 3236 327 3290 A
368 3239 427 3292 θιετ
429 3236 556 3292 ελεῐτεΒ
639 3245 671 3292 13
693 3255 779 3292 ταυοο
742 3237 882 3301 αὑταιςο.
902 3236 1035 3292 Gelenius

38 3311 64 3358 19
67 3315 251 3394 κρειττον-
219 3313 346 3363 -ῖπλεο
320 3327 365 3364 ιον
384 3307 429 3362 Ba
446 3319 500 3374 Ισυ
502 3305 629 3378 νηνὲχθη
647 3306 729 3362 ΑΒΕ
766 3307 940 3379 συνήχθηΡο
972 3327 1035 3365 συν-

37 3375 167 3466 ελίχθηο.
187 3379 332 3448 Kiessling
386 3385 420 3433 25
439 3379 540 3450 ὁρᾶται
560 3378 781 3451 ΑοΒλὴμινΔ
807 3381 873 3450 ὑμῖν
893 3380 1037 3450 ΕΙποιη-

38 3446 108 3517 σομεν
110 3453 147 3524 οι]
167 3447 352 3521 ὑιποισόμενο
368 3449 472 3504 Reiske
