2384 3902
449 209 614 258 -E-
975 207 1040 271 241

5 364 82 432 οῖκαὶ
102 368 247 451 ’μεγάλαι
275 368 459 451 δύνωνται,
487 374 673 453 καθαιρεῖν.
718 368 950 454 χαλεπωτέραν
975 371 1040 452 γὰρ

35 474 131 559 ὀργήν
152 475 301 550 ἅπαντας
319 477 408 558 ἐχειν
425 485 493 540 τῶν
512 474 801 560 συγχωρηθέντων
819 475 1041 561 στερομένους

26 580 51 662 ,ή
71 590 136 645 τῶν
158 578 382 664 ἐλπιζομένων
405 582 449 665 μή
471 581 706 665 τυγχάνοντας.
742 583 991 666 παραδείγμασί
1004 597 1076 660 τε3

33 691 159 762 πολλοῖς
189 688 238 763 είς
266 681 355 752 τοῦτ’
385 685 547 771 ἐχρήσατο
573 689 704 752 πόλεων
727 682 933 772 Ἐλληνίδων
959 691 1042 772 ἔργα

34 791 168 875 διεξιών,
192 793 269 858 ὅσαι
292 798 550 878 μαλακισθεῖσαι
572 788 617 857 δι’
638 793 798 876 ἀκαιρούς
819 817 912 872 τινας
934 795 1064 880 ἄφορα

33 901 88 982 μὰς
108 897 165 965 καὶ
182 911 344 985 πονηρῶν
362 898 632 984 ἐπιτηδευμάτων
650 898 753 985 ἀρχάς
770 899 901 984 ἐφεῖσαι
918 906 1039 988 παρελ-

32 1011 102 1070 θεῖν
128 1004 243 1071 οὐκέτι
269 1015 396 1070 παῦσαι
420 1003 476 1070 καὶ
498 1005 630 1070 ἀνελεῖν
652 1006 736 1070 αὐτὰ
759 1007 904 1091 δύναμιν
927 1009 1041 1092 ἔσχον·

33 1110 61 1188 ἐξ
83 1105 128 1176 ὧν
153 1113 202 1188 είς
225 1113 363 1196 αἰσχράς
385 1110 441 1177 καὶ
459 1110 663 1196 ἀνηκέστους
680 1113 943 1198 ήναγκάσθησαν
961 1135 1042 1200 προ·

33 1221 138 1282 ελθείν
162 1218 348 1302 συμφοράς.
391 1215 535 1284 ἐοικέναι
556 1241 593 1284 τε
607 1227 661 1306 τῷ
675 1215 764 1284 καθ’
787 1217 846 1284 ἕνα
868 1220 907 1284 τὸ
925 1222 1042 1286 κοινὸν

33 1325 105 1407 ἔφη,
128 1332 220 1408 ψυχή
244 1321 306 1409 μὲν
330 1323 453 1408 ἀνδρὸς
476 1323 644 1408 ἀνάλογον
667 1323 806 1408 ἐχούσης
828 1348 861 1390 τι
882 1333 941 1408 τῆς
962 1329 1042 1408 βου-
1052 1350 1080 1391 ιο

33 1433 93 1512 λῆς,
111 1431 242 1515 σώματι
260 1427 298 1496 δέ
315 1439 377 1496 τοῦ
396 1432 515 1515 δήμου.
547 1429 606 1495 ἐάν
620 1426 682 1514 μὲν
696 1425 759 1497 οὖν
772 1439 831 1514 τῆς
844 1434 968 1516 βουλῆς
981 1433 1041 1496 τὸν
1054 1437 1078 1498 4

33 1536 158 1622 ἄφρονα
183 1537 291 1620 δήμου
314 1537 429 1620 άρχειν
453 1535 568 1618 ἐῶσιν,
597 1535 695 1620 ὅμοια
717 1539 897 1602 πείσεσθαι
918 1536 1042 1614 αὐτοὺς

33 1641 88 1726 ἔφη
114 1655 188 1720 τοῖς
219 1643 438 1708 ὑποτάττουσι
464 1642 527 1725 τήν
553 1642 665 1726 ψυχήν
691 1651 738 1730 τῷ
766 1642 893 1726 σάματι
918 1641 1040 1727 καὶμὴ

33 1750 105 1813 κατὰ
131 1750 195 1814 τὸν
222 1749 400 1832 λογισμόν,
429 1747 513 1814 άλλδι
540 1749 622 1840 κατὰ
648 1748 805 1832 τὰπάθη
830 1753 937 1828 ζῶσιν.
983 1749 1042 1814 ἐὰν

35 1848 60 1916 δ’
82 1857 251 1940 ἄρχεσθαί
279 1878 315 1920 τε
341 1852 397 1921 καί
424 1855 567 1937 ἄγεσθαι
596 1856 656 1920 τὸν
684 1856 791 1939 δῆμον
818 1858 1042 1934 συνεθίζωσιν
1052 1877 1079 1920 ιε

4 1960 89 2026 οεὺπὸ
120 1969 181 2044 τῆς
213 1964 353 2045 βουλῆς,
385 1960 486 2025 ταύτὸ
518 1963 697 2045 ποιήσουσι
725 1972 795 2038 τοῖς
821 1961 1043 2026 ὑποτάττουσι

33 2075 66 2151 τῇ
94 2075 186 2152 ψυχή
218 2068 257 2132 τὸ
285 2077 380 2151 σῶμα
406 2064 462 2132 καὶ
488 2067 572 2150 πρὸς
598 2068 637 2132 τὸ
665 2065 854 2150 βέλτιστον,
886 2067 969 2132 ἀλλὰ
997 2067 1041 2150 μή

33 2175 107 2259 πρὸς
134 2175 172 2240 τὸ
204 2174 344 2256 ήδιστον
371 2174 451 2249 τοὺς
477 2175 573 2254 βίους
599 2173 728 2256 ἄγουσι.
774 2173 903 2255 βλάβην
926 2170 963 2237 δὲ
986 2175 1078 2256 fae-5

34 2281 131 2364 γάλην
159 2280 324 2364 οὐδεμίαν
347 2276 510 2363 ἀπέφαινε
533 2281 766 2363 συμβήσεσθαι
788 2286 828 2362 τή
850 2280 959 2360 πόλει,
982 2276 1042 2342 ἐὰν

35 2389 65 2451 οί
89 2386 228 2471 πένητες
259 2385 523 2470 ἀγανακτοῦντες
552 2382 606 2450 ἐπὶ
633 2393 680 2472 τῷ
706 2385 750 2469 μή
779 2389 1041 2468 συγχωρηθῆναι
1050 2406 1078 2444 ιο

35 2497 122 2578 σφίσι
153 2495 218 2578 τήν
244 2494 445 2577 χρεοκοπίαν
473 2491 517 2575 μή
545 2494 736 2575 θελήσωσιν
763 2486 848 2575 ὑπὲρ
875 2487 975 2572 αὐτῆς
1001 2490 1042 2554 τὰ

36 2599 111 2666 ὅπλα
134 2600 328 2681 ἀναλαβεῖν,
353 2597 488 2680 ὀλίγους
509 2597 602 2672 τινὰς
625 2591 711 2661 εἶναι
729 2593 836 2679 λέγων
853 2593 1042 2660 παντάπασι

6 2707 8 2716 ’
35 2708 105 2783 τοὺς
127 2702 235 2791 μηδὲν
257 2701 543 2788 ὑπολειπομένους
567 2701 697 2778 ἑαυτοῖς
719 2700 780 2779 ἔξω
803 2701 1041 2785 τοῦσώματος,

37 2809 88 2888 οὓς
109 2805 180 2877 οὔτ’
203 2808 370 2894 ὠφέλειάν
392 2832 468 2874 τινα
490 2806 693 2895 παρέξεσθαι
714 2815 761 2896 τῷ
784 2814 886 2894 κοινῷ
909 2812 1042 2889 θαυμα-

37 2982 56 3020 c.
74 2967 195 3022 Sintenis
219 2966 280 3020 Em.
306 2965 388 3020 Dion.
407 2965 485 3020 1123
511 2965 516 3034 Ι
541 2963 652 3034 ἰσχυραί
679 2961 729 3017 καί
756 2960 873 3031 μεγάλαι
901 2960 1042 3014 δύνωνται

36 3038 118 3113 (nal)
140 3043 296 3107 καθαιρεῖν
315 3037 339 3090 Β
376 3035 476 3107 ἰσχυρὰ
494 3035 544 3091 καί
562 3033 668 3106 μεγάλα
686 3033 827 3086 δύνωνται
845 3033 1003 3110 καθαιρεῖνΙ
1016 3030 1043 3084 R

100 3118 114 3164 2
133 3107 340 3180 στερουμένους
358 3107 381 3162 Ο
400 3109 513 3177 praeter
530 3106 553 3159 Β
618 3110 634 3158 λ’)
653 3101 815 3192 μαλςακισ)
833 3104 930 3154 θεῖσαι
946 3104 964 3188 θ
983 3098 1041 3155 htt.

37 3177 63 3232 in
78 3198 129 3236 ras.
148 3181 171 3234 Β
188 3184 193 3251 Ι
209 3181 260 3235 διά
278 3179 328 3234 καί
347 3198 413 3250 ρους
430 3197 510 3241 τινας
527 3175 577 3231 καί
595 3177 641 3228 Ba
685 3175 714 3226 δι
742 3173 879 3239 ἀκαίρους
895 3189 974 3258 τινας
992 3171 1045 3226 καὶ

38 3249 78 3304 Bb
111 3251 151 3307 δι’
173 3253 312 3321 ἀκαίρους
334 3249 414 3312 τινδις
437 3246 568 3320 ἀφορμὰς
590 3246 616 3297 Α
700 3240 866 3320 θάρχδιςᾼ
902 3241 1041 3317 ἀραςΒή

39 3322 186 3390 ἀφεῖεαιΟ
224 3318 339 3392 ἐφεῖται
357 3320 499 3389 Kiessling
515 3323 519 3388 Ι
534 3316 730 3385 παρειςελθεῑν
750 3329 772 3367 ο,
792 3311 864 3364 snut
879 3309 943 3364 Obs.
963 3328 990 3380 p.
1010 3321 1046 3372 18

39 3399 52 3444 9
69 3401 121 3457 τοῖς
139 3391 212 3449 καθ’
229 3391 282 3448 ἕνα
300 3409 324 3446 ο.
345 3393 434 3448 Cobet
452 3390 517 3445 obs.
537 3407 563 3458 p.
579 3391 630 3440 106
714 3390 745 3438 16
763 3382 795 3437 τδ
814 3380 882 3434 αύτδ
901 3380 924 3432 Β
941 3384 945 3448 Ι
961 3385 1047 3455 ποιή.

40 3480 91 3518 οειν
108 3483 130 3520 ο.
149 3463 291 3519 Bficheler

84 3564 181 3606 mom.
196 3565 262 3604 Eu..
275 3563 308 3603 IL
328 3572 367 3603 ευ.
382 3562 484 3604 ῖεοοιιτ.
849 3541 882 3592 16
