2400 3912
141 167 205 233 192
566 169 732 220 -Ε-

106 333 126 396 3
141 331 313 413 ἔβλαπτον.
337 324 421 416 ὑπὲρ
436 324 484 394 ὧν
499 328 754 406 ἀποστείλαντες
767 329 803 394 οί
809 324 965 412 Ῥωμαῖοι
978 329 1153 413 πρεσβείαν

140 434 221 522 πρὶν
244 434 297 501 ἐπὶ
319 436 360 501 ιδ
383 435 468 502 ὅπλα
491 445 640 522 χωρῆσαι
664 436 758 512 δίκας
781 433 886 520 ᾔτουν
908 431 965 500 καί
981 434 1018 498 ιδ
1037 434 1153 498 λοιπὸν

139 541 257 626 ἠξίουν
290 538 397 627 μηδὲν
425 545 473 619 είς
498 545 579 619 τοὺς
605 540 848 627 ἐργαζομένους
873 542 935 625 την
962 550 1025 624 γῆν
1052 561 1153 625 παρα-

140 660 266 734 νομεῖν.
317 649 480 726 αὐθάδεις
511 645 549 714 δὲ
583 651 743 733 λαβόντες
774 649 966 734 ἀποκρίσεις
996 657 1153 733 προεῖπον

114 757 256 834 ταύτοϊς
278 757 338 822 τὸν
361 759 517 840 πόλεμον.
554 754 762 839 καὶγίνεται
785 755 850 839 (ἡ)
873 751 936 840 μὲν
958 754 1069 840 πρώτη
1091 751 1154 830 ἕξο-

141 865 200 940 δος
219 861 294 940 ἑνὸς
313 873 379 928 τῶν
397 862 533 928 ὑπάτων
549 862 739 949 Οὐαλερίου
753 864 818 930 σὺν
832 861 967 928 ίππεῦσι
980 858 1037 926 καὶ
1049 863 1154 938 ψιλῶν

140 980 211 1046 τοῖς
234 968 466 1054 ἀκμαιοτάτοις
488 969 661 1053 αἰφνίδιος
683 966 736 1035 ἐπὶ
758 971 838 1046 τοὺς
860 966 1076 1055 λῃιζομένους
1098 966 1154 1048 τὴν

140 1076 253 1162 χώραν
275 1073 331 1142 καὶ
354 1078 460 1159 φόνος
481 1086 550 1141 τῶν
572 1073 859 1160 καταληφθέντων
882 1075 919 1140 ἐν
942 1085 1014 1151 ταῖς
1035 1089 1186 1159 προνο-ιιλ

141 1191 218 1265 μαίς
241 1192 375 1267 συχνῶν
398 1185 506 1248 ὄντων
529 1183 645 1266 πολύς,
669 1173 723 1248 οἷα
741 1183 829 1260 είκὸς
847 1182 1040 1268 ἀνθρώπων
1058 1179 1153 1245 ἀσυν-

102 1267 270 1380 βξτάκτων
294 1311 329 1353 τε
352 1286 408 1354 καὶ
431 1289 472 1354 οὐ
495 1287 767 1375 προῃσθημένων
789 1290 851 1373 την
874 1290 1011 1373 ἔφοδον.
1048 1288 1153 1352 ἔπειτα

140 1405 208 1460 τῶν
231 1397 393 1479 Σαβίνων
413 1396 541 1478 πολλὴν
559 1395 829 1463 ἀποστειλάντων
848 1393 897 1462 ἐπ’
921 1396 1043 1471 αὐτοὺς
1062 1410 1153 1478 στρα-

139 1503 215 1568 τιὰν
246 1497 306 1586 ὑφ’
332 1501 472 1586 ἡγεμόνι
500 1500 704 1587 τεταγμένην
736 1502 880 1590 έμπείρφ
912 1499 1061 1586 πολέμου
1085 1495 1153 1564 Ῥω-

141 1611 249 1690 μαίων
277 1606 372 1693 ἑτέρα
399 1612 528 1692 γίνεται
555 1607 605 1675 ἐπ’
627 1609 751 1687 αὐτοὺς
779 1608 894 1688 ἔξοδος
920 1608 1064 1686 ἀπάσαις
1090 1617 1153 1683 ταῖς

142 1713 326 1797 δυνάμεσιν
350 1714 503 1797 ἀγόντων
526 1714 726 1801 ἀμφοτέρων
748 1725 817 1783 τῶν
839 1715 985 1782 ὑπάτων.
1030 1717 1153 1782 Ποστό-

103 1838 129 1878 1⁵
144 1840 218 1902 μιος
245 1815 307 1904 μὲν
334 1815 397 1886 οὐν
424 1824 568 1906 πλησίον
594 1831 653 1906 τῆς
670 1819 796 1908 Ῥώμης
819 1823 857 1888 έν
879 1822 1025 1907 ὀρεινοῖς
1047 1824 1154 1896 τόποις
1191 1845 1192 1918 η

91 1985 93 1989 ,
142 1926 481 2011 κατεστρατοπέδευσε
506 1929 638 2014 δεδιώς,
660 1932 705 2014 μή
727 1952 779 2007 τις
801 1931 925 2015 ἔφοδος
948 1929 985 1996 ἐκ
1006 1940 1076 1995 τῶν
1096 1953 1153 2013 φυ-

143 2032 258 2115 γάδων
290 2030 340 2099 ἐπ’
372 2033 477 2118 αὐτὴν
509 2033 646 2120 γένηται
678 2037 862 2121 αίφνίδιος·
910 2034 1093 2121 Οὐαλέριος
1124 2031 1149 2098 δ’
1190 1981 1191 2062 ἀ

144 2137 243 2224 ἐγγὺς
274 2149 341 2206 τῶν
373 2145 542 2227 πολεμίων
573 2143 663 2227 παρά
694 2144 845 2228 ποταμὸγ
873 2141 1023 2228 Ἀνίητα,
1057 2142 1092 2219 ὃς
1122 2140 1153 2206 ἐκ
1189 2143 1190 2205 λ

142 2247 269 2322 πόλεως
292 2242 354 2330 μὲν
373 2249 528 2333 Τιβύρων
549 2244 629 2314 καθ’
651 2249 785 2334 ὑψηλοῦ
802 2253 907 2327 πολὺς
925 2250 1065 2335 ἐκχεῖται
1082 2266 1153 2314 σκο-
1188 2279 1189 2349 η

104 2350 260 2435 ιοπέλου,
289 2351 424 2439 φέρεται
452 2349 490 2420 δὲ
514 2356 570 2421 διδ
592 2365 650 2440 τῆς
672 2359 835 2440 Σαβίνων
856 2379 892 2423 τε
914 2355 971 2423 καὶ
989 2353 1152 2441 Ῥωμαίων

21 2505 24 2510 -
141 2460 300 2535 πεδιάδος
321 2458 441 2542 ὁρίζων
464 2462 526 2545 την
545 2460 710 2548 ἑκατέρων
728 2464 854 2548 χώραν·
888 2464 1048 2530 συνάπτει
1066 2459 1102 2528 δὲ
1118 2464 1151 2527 τὸ
1187 2431 1188 2493 ἀ

143 2564 248 2649 ῥεῦμα
270 2573 315 2653 τῷ
337 2566 469 2653 Τεβέρει
491 2578 628 2657 ποταμῷ
651 2572 751 2648 καλὸς
771 2567 833 2656 μὲν
850 2570 1014 2656 ὀφθῆναι,
1036 2572 1152 2654 γλυκύς
1186 2565 1187 2638 ἀ

143 2665 180 2734 δὲ
202 2675 370 2739 πίνεσθαι.
1185 2701 1186 2782 η

209 2777 394 2844 XXXVIII.
420 2776 476 2845 Ἐκ
498 2777 536 2846 δὲ
558 2792 626 2848 τῶν
650 2781 772 2870 ἑτέρων
794 2793 856 2850 τοῦ
878 2794 1031 2868 ποταμοῦ
1048 2789 1185 2869 μερῶνθλλ

102 2883 162 2968 ειη
190 2895 258 2949 τῶν
281 2888 441 2968 Σαβίνων
467 2889 571 2953 ἔκειτο
594 2892 786 2974 παρεμβολὴ
810 2899 871 2956 τοῦ
895 2890 1057 2976 ῥεύματος
1078 2887 1147 2955 οὐδ’
1184 2871 1185 2926 ἀ

143 2989 226 3074 αὐτη
246 2992 354 3057 πολύν
373 2991 540 3077 ἀπέχουσα
558 2997 662 3062 τόπον
681 2994 735 3061 ἐπὶ
753 3000 930 3082 γεωλόφου
949 2998 1041 3074 τινδς
1052 2994 1151 3082 ἠρέμα

214 3153 230 3200 2
249 3147 299 3200 καί
322 3146 435 3203 διδόναι
458 3148 541 3220 λόγον
564 3152 663 3220 ἠξίουν
682 3154 737 3207 ΑΙ)
774 3153 824 3209 καί
846 3155 878 3210 τὸ
902 3155 1002 3210 λοιπὸν
1019 3155 1111 3224 ἠξίουν
1130 3153 1151 3204 Β

145 3215 768 3363 ηιηιιινι
816 3227 930 3350 ενι
955 3223 1151 3351 ενα

277 3329 282 3340 ·
727 3316 814 3365 τηνγ
839 3317 893 3367 ραν
930 3340 936 3353 .
1036 3315 1074 3352 ωε
1146 3337 1150 3346 -

147 3351 229 3408 Dion.
247 3356 321 3410 1121
385 3367 537 3432 8προνομ.
557 3370 602 3426 αῖς
620 3365 666 3420 Bb
727 3373 759 3420 17
779 3363 826 3422 ἐπ’
847 3367 935 3422 αὐτὸν
953 3367 1008 3422 ΑΙ)
1044 3363 1084 3422 ἐπ’
1100 3367 1152 3419 αὐ-

149 3423 214 3482 τοὺς
231 3423 280 3476 ΒΟ
317 3425 363 3480 ἐπ’
385 3429 473 3498 αὐτὴν
492 3449 515 3486 ο,
535 3432 722 3506 θγ1οαες1δ’
742 3437 818 3492 ABa
853 3436 885 3493 δέ
904 3438 951 3492 Bb
