2394 3912
550 176 710 228 ,ς-

121 341 339 421 προελθοῦσα
370 339 418 402 ἔτι
444 336 645 422 πορρωτέρω
673 340 767 420 λήσει
795 336 878 419 τάχα
905 332 966 420 μὲν
992 335 1131 418 ἀνίατος,

122 445 154 509 εί
180 439 218 508 δὲ
245 444 290 529 μή
319 445 476 520 δυσίατος
502 440 567 508 καί
585 449 720 510 πολλῶν
744 444 834 507 αἰτία
857 444 954 527 σφίσι
976 440 1132 526 γενομένη

122 561 246 616 κακῶν·
286 552 348 635 τήν
377 573 413 615 τε
445 549 595 629 ἀξίωσιν·
614 559 681 615 τῶν
714 551 904 634 δημοτικῶν
937 547 1042 614 οὐκέτι
1074 549 1133 631 τήν

124 655 229 739 αὐτήν
253 654 437 740 ἀπέφαινεν
461 656 625 742 ἐσομένην
646 664 687 742 τῇ
709 653 870 742 προτέρα,
899 652 972 721 οὐδ’
994 653 1044 720 ἐπὶ
1066 666 1134 731 τοῖς

97 763 238 840 δαύτοίς
266 767 370 841 εἴκαζε
392 767 627 848 συμβήσεσθαι
648 765 709 830 τὸν
733 764 841 847 δήμου
864 762 1055 845 ἀπαλλαγήν
1079 763 1133 845 μί-

124 892 186 935 νον
213 879 281 934 τῶν
307 880 416 953 χρεῶν
443 872 658 955 αἰτούμενον,
687 869 771 935 ἀλλά
797 868 854 934 καί
883 871 1042 952 βοηθείας
1064 869 1132 950 δεή-

123 979 248 1042 σεσθαί
263 999 356 1052 τινος
374 965 463 1059 ίσως,
485 974 544 1061 ἀφ’
561 973 601 1060 ής
619 979 667 1054 είς
684 979 748 1042 τὸν
762 979 881 1042 λοιπὸν
896 979 1020 1060 χρόνον
1033 974 1132 1059 ἀσφα-

88 1081 184 1165 2λής
206 1079 399 1147 διατελέσει·
431 1071 679 1148 καταλελύσθαι
702 1078 763 1165 μὲν
787 1084 850 1166 γὰρ
874 1079 934 1165 ἀφ’
957 1075 999 1146 οὗ
1016 1086 1132 1165 παρήλ-

122 1193 187 1254 θεν
210 1188 231 1271 ή
249 1197 311 1254 τοῦ
329 1188 522 1275 δικτάτορος
538 1190 624 1276 ἀρχή
642 1190 702 1254 τὸν
721 1187 855 1273 φύλακα
871 1198 931 1272 τής
948 1187 1134 1272 ἐλευθερίας

16 1331 18 1334 -
85 1310 110 1350 10
124 1294 229 1360 αὐτοῦ
261 1298 385 1380 νόμον,
417 1295 452 1374 ὃς
484 1297 561 1362 οὔτε
592 1296 802 1362 ἀποκτείνειν
832 1297 974 1379 πολίτην
1005 1296 1132 1382 ἀκριτον

124 1398 249 1466 οὐδένα
271 1403 454 1486 συνεχώρει
476 1414 546 1480 τοίς
568 1403 721 1485 ὑπάτοις,
746 1399 829 1466 οὐδέ
848 1425 886 1484 με
909 1401 1030 1486 <τοὺς>
1050 1401 1134 1485 παρά

123 1515 163 1591 τῇ
190 1510 298 1592 κρίσει
325 1507 585 1593 ἐλαττουμένους
612 1508 678 1573 ὑπὸ
706 1518 774 1573 τῶν
800 1511 985 1592 πατρικίων
1008 1509 1181 1600 δήμου-1111

124 1616 204 1691 κοὺς
231 1616 482 1700 παραδίδοσθαι
509 1624 580 1691 τοῖς
601 1612 935 1698 καταδικασαμένοις,
964 1617 1080 1698 ἔφεσιν
1101 1610 1133 1678 δέ
1180 1621 1181 1628 ’

123 1729 194 1795 τοῖς
226 1718 444 1803 βουλομένοις
476 1719 593 1786 ἐδίδου
624 1719 824 1804 μεταφέρειν
851 1722 910 1797 τὰς
935 1725 1060 1805 κρίσεις
1086 1719 1132 1785 ἐπὶ

86 1841 111 1882 1⁵
125 1825 184 1890 τὸν
213 1826 320 1910 δῆμον
348 1825 412 1893 ἀπὸ
439 1835 507 1892 τῶν
535 1830 719 1910 πατρικίων
748 1825 804 1892 καὶ
832 1827 850 1892 ὅ
872 1850 906 1890 τι
929 1825 971 1892 ἀν
995 1826 1013 1892 ὁ
1039 1828 1132 1911 δῆμος

124 1939 205 2018 γνῷ,
228 1928 318 1998 τοῦτ’
341 1927 428 1999 εἶναι
446 1935 578 2018 κύριον·
609 1933 808 2019 ἀφῃρῆσθαι
827 1929 865 1998 δὲ
882 1931 937 1998 καί
956 1935 1019 2016 τήν
1037 1935 1131 2016 ἀλλην

125 2037 280 2116 ἐξουσίαν
298 2049 365 2104 τῶν
384 2041 572 2124 δημοτικῶν
591 2041 708 2124 ὀλίγον
727 2042 800 2105 δεῖν
818 2048 939 2123 πᾶσαν,
958 2035 1002 2122 ής·
1017 2039 1055 2105 έν
1072 2049 1131 2115 τοῖς

124 2142 299 2230 προτέροις
325 2148 459 2232 χρόνοις
486 2142 572 2229 ήσαν
599 2147 725 2232 κύριοι,
757 2146 842 2212 ὅπου
870 2169 907 2230 γε
934 2145 991 2211 καὶ
1019 2147 1077 2212 τὸν
1102 2143 1131 2210 ἐκ

124 2263 192 2316 τῶν
215 2250 370 2337 πολέμων
393 2254 563 2336 θρίαμβον
582 2254 644 2319 οὐκ
662 2251 829 2336 ἐξεγένετο
848 2254 962 2331 αὐτοῖς
981 2251 1130 2338 εὑρέσθαι
1179 2251 1180 2292 ³

85 2376 111 2415 20
125 2360 214 2442 παρά
240 2368 298 2443 τῆς
325 2362 448 2443 βουλῆς
475 2357 576 2444 ἀνδρί
601 2355 678 2446 παρ’
701 2358 881 2425 ὁντιναοῦν
904 2361 1010 2425 ἀλλον
1033 2358 1131 2442 έπιτη-

126 2464 204 2551 δείῳ
240 2466 361 2549 ταύτης
396 2476 510 2550 τυχείν
541 2475 600 2550 τής
630 2475 740 2550 τιμής,
778 2469 919 2554 Ποπλίῳ
952 2467 1129 2552 Σερουιλίῳ

91 2572 274 2658 3Πρίσκςο.
319 2566 374 2655 ἐφ’
405 2563 456 2649 οίς
488 2574 575 2650 είκός
603 2573 638 2638 ’τι
669 2573 856 2660 πάσχοντας
887 2575 968 2649 τοὺς
997 2573 1131 2645 πολλοὺς

125 2675 270 2761 ἀθυμεῖν
297 2675 353 2742 καί
379 2681 528 2764 πονηρὰς
550 2682 638 2763 ἔχειν
660 2677 744 2765 ὑπὲρ
767 2688 825 2762 τῆς
847 2679 1031 2764 ἀσφαλείας
1053 2679 1129 2746 έλπί·

126 2784 200 2866 δας,
227 2782 340 2868 ἐπειδή
365 2785 442 2850 οὔτε
464 2785 577 2871 ὑπάτμ
602 2785 679 2850 οὔτε
701 2784 872 2870 δικτάτορι
893 2787 1060 2869 κήδεσθαι
1082 2784 1173 2850 ατί-1179

87 2909 112 2949 ετ
126 2901 192 2955 τῶν
212 2887 431 2975 βουλομένοις
449 2889 625 2974 ἐξεγένετο,
644 2890 727 2956 ἀλλὰ
744 2887 800 2956 καί
817 2889 1080 2978 προσαπήλαυσέ
1090 2913 1129 2965 τις

119 2997 239 3064 αὐτῶν
266 2997 394 3080 ὕβρεως
415 2993 471 3061 καὶ
494 2995 624 3080 ἀτιμίας
647 2999 703 3063 διὰ
725 2998 786 3081 τήν
810 2993 893 3082 ὑπὲρ
917 3008 985 3063 τῶν
1007 3002 1128 3062 πολλῶν

199 3159 214 3207 ⁷
233 3148 285 3221 ὑφ’
300 3148 334 3218 ἧς
352 3152 441 3208 Cobet
459 3152 524 3209 Obs.
543 3170 570 3222 p.
591 3157 643 3234 113
713 3160 745 3207 11
765 3152 833 3209 οὐδέ
851 3153 981 3236 ηειπαρά
998 3161 1031 3228 τῇ
1051 3155 1128 3226 κρίσει

126 3221 149 3274 Ο
178 3222 242 3277 οὔτε
256 3241 288 3291 ηε
301 3223 380 3292 παρὰ
393 3223 443 3287 τάς
457 3225 561 3294 κρίσεις
573 3223 678 3278 Βοιελτε
695 3229 699 3292 Ι
715 3225 780 3288 τούς
795 3225 1126 3296 add1d1sseKiesslingius

126 3289 239 3344 videtur
294 3298 327 3346 13
347 3295 435 3356 εὐθὺς
451 3296 668 3364 παραδίδοσθαι
686 3295 852 3354 dubitanter
870 3315 892 3354 ο.
908 3296 1054 3367 Kiessling
1102 3301 1127 3348 14

127 3360 214 3412 verba
236 3360 405 3433 μεταφέρειν
427 3364 477 3427 τὰς
500 3366 604 3434 κρίσεις
621 3366 651 3420 in
671 3368 860 3440 suspicionem
878 3372 964 3426 vocat
982 3369 1128 3440 Stephanus

130 3432 163 3480 16
184 3426 253 3495 έηνω
272 3429 295 3481 Β
366 3435 649 3504 15*προςαπέλαοσε
668 3439 691 3494 0
