2400 3912
462 242 624 291 -A-
989 248 1051 312 117

43 406 157 488 θερίαν
192 407 430 490 παρακαλείτω.
477 406 568 469 ἐσται
600 401 638 470 δέ
669 413 749 471 πᾶσι
776 403 948 492 Ῥωμαίοις
979 407 1049 476 κατ’

43 509 148 594 εὐχήν,
172 509 233 576 ἐὰν
256 512 375 578 ίδωσιν
397 511 483 596 ἡμᾶς
505 513 584 588 τοὺς
603 515 797 598 πατρικίους
814 515 978 600 ἀρχουτας
996 526 1054 600 τῆς

43 616 244 703 ἐλευθερίας·
275 620 382 684 πολλὰ
404 619 468 703 γδρ
491 614 548 683 καί
567 618 662 683 δεινὰ
678 621 890 686 πεπόνθασιν
908 621 974 686 ὑπὸ
992 631 1054 686 τοῦ

42 722 206 807 τυράννου
233 721 289 790 καί
316 732 435 809 μικρᾶς
463 723 617 809 ἀφορμῆς
644 721 785 790 δέονται.
832 726 912 790 όταν
936 722 973 790 δέ
997 727 1053 792 λοί-

42 831 147 913 βωμεν
170 831 208 894 τὸ
229 834 361 914 πλῆθος
380 827 579 915 ὡρμημένον
596 833 779 895 καταλῦσαι
792 831 854 914 την
868 834 1079 918 μοναρχίανι

42 938 153 1019 ψῆφόν
174 933 205 1001 τ’
232 935 347 1014 αὐτοῖς
369 935 545 1020 ἀναδῶμεν
568 932 652 1022 ὑπὲρ
671 944 733 1002 τοῦ
754 936 870 1022 μηκέτι
883 934 1053 1023 Ῥωμαίων

47 1043 230 1128 Ταρκύνιον
263 1041 376 1128 ἄρξειν
408 1038 464 1106 καί
495 1043 533 1107 τὸ
564 1039 640 1127 περὶ
671 1043 800 1107 τούτων
832 1043 940 1128 δόγμα
971 1046 1054 1130 πρὸς

42 1152 113 1226 τοὺς
132 1146 187 1214 ἐπὶ
204 1147 433 1235 στρατοπέδω
452 1147 715 1233 διαπεμψώμεθα
734 1147 771 1214 ἐν
789 1148 888 1234 τόχει.
915 1148 971 1215 καί
988 1152 1088 1237 γὰρ4

42 1256 72 1320 οί
94 1257 136 1320 τὰ
164 1255 250 1320 ὅπλα
277 1257 424 1340 ἔχοντες,
455 1256 487 1320 εί
512 1254 670 1338 μόθοιεν,
698 1253 748 1318 ότι
774 1256 814 1319 τό
837 1254 874 1321 ἐν
896 1265 935 1341 τῇ
958 1259 1053 1322 πόλει

40 1363 143 1427 πάντα
170 1373 241 1439 τοῖς
268 1362 448 1447 τυράννοις
469 1359 561 1426 ἐστὶν
584 1360 755 1447 ἀλλότρια,
783 1363 954 1447 πρόθυμοι
977 1362 1052 1447 περὶ
1068 1382 1093 1422 ω

41 1470 96 1552 τὴν
119 1478 178 1554 τῆς
199 1470 360 1556 πατρίδος
383 1468 580 1553 ἐλευθερίαν
598 1470 797 1552 γενήσονται
816 1468 893 1533 οὔτε
913 1470 1053 1555 δωρεαῖς

11 1577 84 1639 mn
107 1578 321 1661 κατεχόμενοι
340 1575 385 1653 ὡς
402 1576 567 1661 πρότερον
586 1575 662 1639 οὔτε
679 1575 738 1652 τὰς
755 1574 870 1660 ὕβρεις
882 1585 950 1640 τῶν
968 1580 1052 1660 Ταρ-

41 1685 156 1748 κυνίου
193 1684 324 1749 παίδων
360 1705 396 1747 τε
433 1678 489 1747 καί
524 1681 675 1746 κολάκων
712 1678 827 1767 φέρειν
860 1682 1051 1767 δυνόμενοι.

45 1793 151 1855 Ταῦτα
177 1787 334 1867 λέξαντος
360 1788 466 1853 αὐτοῦ
493 1787 696 1874 παραλαβὼν
718 1787 903 1871 τὸνλόγον
928 1785 1087 1855 Οὐαλέ-ῖ)

42 1919 119 1980 ριος,
146 1898 195 1961 Τὰ
217 1891 280 1980 μέν
301 1896 401 1977 ἀλλα,
429 1896 569 1979 ἔφησεν,
594 1893 707 1980 ὀρθῶς
730 1893 978 1978 ἐπιλογίζεσθαί
997 1919 1053 1980 μοι
1068 1912 1093 1953 1⁵

42 2003 160 2084 δοκεῖς,
185 2000 320 2068 Ἰούνιε·
357 1999 433 2087 περὶ
463 1997 500 2066 δὲ
527 2009 585 2086 τῆς
614 1999 788 2085 ἐκκλησίας
814 2003 862 2066 ἐτι
890 2002 1054 2087 βούλομαι

41 2115 176 2193 μαθεῖν,
204 2111 255 2186 τίς
283 2108 302 2173 ὁ
331 2106 482 2174 καλέσων
504 2109 596 2173 ἐσται
620 2107 725 2191 αὐτην
747 2109 829 2173 κατὰ
851 2110 975 2193 νόμους
997 2106 1054 2175 καὶ

41 2216 99 2298 τὴν
133 2225 250 2300 ψῆφον
287 2214 475 2280 ἀναδώσων
504 2224 576 2291 ταῖς
608 2213 779 2300 φράτραις.
820 2215 957 2299 ἀρχοντι
987 2218 1052 2300 γὰρ

41 2319 238 2387 ἀποδέδοται
261 2331 361 2387 τοῦτο
384 2320 552 2407 πράττειν·
585 2320 681 2405 ἡμῶν
705 2317 735 2384 δ’
758 2317 870 2397 οὐδεὶς
892 2321 1052 2406 οὐδεμίαν

42 2426 142 2512 ἀρχὴν
159 2429 236 2513 ἔχει.
268 2424 305 2493 Ὁ
322 2424 355 2493 δ’
371 2427 568 2511 ὑπολαβών·
588 2421 683 2510 Ἐγώ,
702 2429 818 2511 φησίν,
838 2405 1092 2520 ότΟόαλέριε.,60

42 2543 105 2598 τῶν
134 2521 199 2620 γὰρ
221 2536 393 2620 Κελερίων
424 2536 537 2621 ἄρχων
570 2535 652 2620 είμί,
685 2532 740 2599 καί
770 2531 972 2599 ἀποδέδοταί
996 2557 1052 2619 μοι

43 2641 119 2704 κατὰ
151 2642 280 2724 νόμους
311 2640 504 2727 ἐκκλησίαν,
542 2642 596 2707 ὅτε
629 2641 829 2725 βουλοίμην,
867 2645 1052 2724 συγκαλεῖν.

45 2747 139 2812 ἔδωκε
163 2744 204 2813 δέ
224 2771 282 2831 μοι
305 2749 367 2832 την
391 2747 496 2836 ἀρχὴν
518 2748 642 2833 ταύτην
665 2747 684 2813 ὁ
706 2748 872 2833 τύραννος
895 2749 1052 2832 μεγίστην

45 2847 143 2919 οὖσαν
161 2854 206 2932 ὡς
225 2854 350 2943 ἠλιθίω
368 2852 424 2919 καί
443 2851 513 2919 οὔτ’
532 2851 692 2942 εἰσομένῳ
711 2855 774 2936 τὴν
788 2854 934 2939 δύναμιν
952 2852 1053 2937 αὐτῆς

46 2953 122 3043 οὔτ’,
145 2961 177 3026 εί
196 2962 329 3044 γνοίην,
353 2958 562 3047 χρησομένῳ·
598 2958 654 3024 καί
675 2961 735 3026 τὸν
754 2961 835 3026 κατὰ
852 2968 914 3026 τοῦ
932 2960 1052 3046 τυρόν·
1066 2974 1092 3016 ²⁵

46 3087 102 3130 νου
123 3069 226 3150 λόγον
249 3075 380 3151 πρῶτος
402 3066 467 3149 ἐγὼ
491 3067 705 3150 διαθήσομαι.

111 3229 125 3278 7
143 3223 242 3293 ἄρχειν
261 3238 285 3276 ο.
304 3220 434 3276 Hertloin
449 3221 494 3276 Pr.
508 3221 618 3278 Warth.
633 3227 703 3278 18⁷3
722 3241 749 3294 p.
764 3229 780 3279 8
853 3229 868 3278 8
887 3221 1053 3292 διαπέμψα-

51 3311 94 3358 μεν
110 3309 132 3348 ο.
150 3293 256 3349 Reiske
323 3298 355 3347 15
375 3289 522 3363 ἐφησενΒ
559 3291 614 3364 ἔφη
633 3293 659 3347 R
718 3299 751 3349 19
769 3293 847 3364 ἡμῶν
866 3293 937 3349 τεΟ
974 3293 999 3362 ἡ.
1020 3291 1052 3348 δὲ

52 3360 160 3435 Sylburg
214 3371 250 3419 20
268 3365 357 3419 όποτυ
376 3363 457 3418 ὡνΒ
489 3365 639 3437 ὑπολαβὼν
659 3362 714 3434 ἔφη
730 3361 783 3435 ἐγὼ
797 3365 883 3434 φησὶν
899 3364 921 3419 Ο
940 3367 1054 3433 praeter
1183 3345 1184 3365 ἀ

51 3430 301 3576 ἓίσθηλσίίμόέιρῗεῌτ.
320 3383 410 3490 Οοδεί
428 3434 493 3490 obs,
512 3452 539 3503 p.
554 3441 589 3490 90
656 3441 692 3490 24
710 3435 800 3508 οά<ι>
817 3436 841 3488 Β
857 3437 861 3503 1
878 3433 1011 3508 εἰσομένῳ
1030 3434 1052 3486 Β
