<?xml version="1.0" encoding="UTF-8"?>
<!DOCTYPE html PUBLIC "-//W3C//DTD XHTML 1.0 Transitional//EN"
    "http://www.w3.org/TR/xhtml1/DTD/xhtml1-transitional.dtd">
<html xmlns="http://www.w3.org/1999/xhtml" xml:lang="en" lang="en">
 <head>
  <title>
</title>
<meta http-equiv="Content-Type" content="text/html;charset=utf-8" />
  <meta name='ocr-system' content='tesseract 3.04.00' />
  <meta name='ocr-capabilities' content='ocr_page ocr_carea ocr_par ocr_line ocrx_word'/>
</head>
<body>
  <div class='ocr_page' id='page_1' title='image "./antiquitatumrom01jacogoog_0239.png"; bbox 0 0 2384 3902; ppageno 0'>
   <div class='ocr_carea' id='block_1_1' title="bbox 160 215 755 280">
    <p class='ocr_par' dir='ltr' id='par_1_1' title="bbox 160 215 755 280">
     <span class='ocr_line' id='line_1_1' title="bbox 160 215 755 280; baseline -0.002 0"><span class='ocrx_word' id='word_1_1' title='bbox 160 215 226 280; x_wconf 81' lang='lat'><strong><em>228</em></strong></span> <span class='ocrx_word' id='word_1_2' title='bbox 591 219 755 268; x_wconf 85' lang='grc' dir='ltr'><strong><em>-Ε-</em></strong></span> 
     </span>
    </p>
   </div>
   <div class='ocr_carea' id='block_1_2' title="bbox 120 375 1181 3123">
    <p class='ocr_par' dir='ltr' id='par_1_2' title="bbox 120 375 1181 3123">
     <span class='ocr_line' id='line_1_2' title="bbox 159 375 1181 463; baseline -0.005 -19"><span class='ocrx_word' id='word_1_3' title='bbox 159 377 358 463; x_wconf 71' lang='grc' dir='ltr'><strong><em>ὑπορύττων</em></strong></span> <span class='ocrx_word' id='word_1_4' title='bbox 380 400 415 443; x_wconf 87' lang='grc' dir='ltr'><strong><em>τε</em></strong></span> <span class='ocrx_word' id='word_1_5' title='bbox 438 379 518 455; x_wconf 87' lang='grc' dir='ltr'><strong><em>τοὺς</em></strong></span> <span class='ocrx_word' id='word_1_6' title='bbox 541 379 720 463; x_wconf 78' lang='grc' dir='ltr'><strong><em>θεμελίους</em></strong></span> <span class='ocrx_word' id='word_1_7' title='bbox 742 387 810 443; x_wconf 80' lang='grc' dir='ltr'><strong><em>τῶν</em></strong></span> <span class='ocrx_word' id='word_1_8' title='bbox 832 387 952 462; x_wconf 83' lang='grc' dir='ltr'><strong><em>τειχῶν</em></strong></span> <span class='ocrx_word' id='word_1_9' title='bbox 970 375 1025 442; x_wconf 85' lang='grc' dir='ltr'><strong><em>καί</em></strong></span> <span class='ocrx_word' id='word_1_10' title='bbox 1042 377 1181 462; x_wconf 75' lang='grc' dir='ltr'><strong><em>χώμαιιίλι</em></strong></span> 
     </span>
     <span class='ocr_line' id='line_1_3' title="bbox 161 477 1153 571; baseline 0 -21"><span class='ocrx_word' id='word_1_11' title='bbox 161 483 300 571; x_wconf 76' lang='grc' dir='ltr'><strong><em>ἐγείρων</em></strong></span> <span class='ocrx_word' id='word_1_12' title='bbox 323 481 379 550; x_wconf 86' lang='grc' dir='ltr'><strong><em>καί</em></strong></span> <span class='ocrx_word' id='word_1_13' title='bbox 401 484 551 569; x_wconf 83' lang='grc' dir='ltr'><strong><em>μηχανὰς</em></strong></span> <span class='ocrx_word' id='word_1_14' title='bbox 568 481 771 570; x_wconf 75' lang='grc' dir='ltr'><strong><em>προσφέρων</em></strong></span> <span class='ocrx_word' id='word_1_15' title='bbox 789 481 845 548; x_wconf 85' lang='grc' dir='ltr'><strong><em>καὶ</em></strong></span> <span class='ocrx_word' id='word_1_16' title='bbox 864 477 943 550; x_wconf 79' lang='grc' dir='ltr'><strong><em>οὐδ’</em></strong></span> <span class='ocrx_word' id='word_1_17' title='bbox 960 481 1080 568; x_wconf 75' lang='grc' dir='ltr'><strong><em>ἡμέρας</em></strong></span> <span class='ocrx_word' id='word_1_18' title='bbox 1095 484 1153 550; x_wconf 83' lang='grc' dir='ltr'><strong><em>οὐτε</em></strong></span> 
     </span>
     <span class='ocr_line' id='line_1_4' title="bbox 159 589 1155 677; baseline -0.001 -21"><span class='ocrx_word' id='word_1_19' title='bbox 159 592 281 669; x_wconf 85' lang='grc' dir='ltr'><strong><em>νυκτὸς</em></strong></span> <span class='ocrx_word' id='word_1_20' title='bbox 307 599 365 676; x_wconf 79' lang='grc' dir='ltr'><strong><em>τῆς</em></strong></span> <span class='ocrx_word' id='word_1_21' title='bbox 392 593 586 677; x_wconf 73' lang='grc' dir='ltr'><strong><em>πολιορκίας</em></strong></span> <span class='ocrx_word' id='word_1_22' title='bbox 606 589 834 675; x_wconf 74' lang='grc' dir='ltr'><strong><em>’ἀφιστάμενος</em></strong></span> <span class='ocrx_word' id='word_1_23' title='bbox 856 590 973 673; x_wconf 85' lang='grc' dir='ltr'><strong><em>ὀλίγον</em></strong></span> <span class='ocrx_word' id='word_1_24' title='bbox 995 613 1030 655; x_wconf 87' lang='grc' dir='ltr'><strong><em>τε</em></strong></span> <span class='ocrx_word' id='word_1_25' title='bbox 1053 593 1155 674; x_wconf 87' lang='grc' dir='ltr'><strong><em>χρόνον</em></strong></span> 
     </span>
     <span class='ocr_line' id='line_1_5' title="bbox 158 694 1156 785; baseline -0.001 -23"><span class='ocrx_word' id='word_1_26' title='bbox 158 700 242 764; x_wconf 87' lang='grc' dir='ltr'><strong><em>κατά</em></strong></span> <span class='ocrx_word' id='word_1_27' title='bbox 269 700 388 785; x_wconf 88' lang='grc' dir='ltr'><strong><em>κράτος</em></strong></span> <span class='ocrx_word' id='word_1_28' title='bbox 413 697 566 784; x_wconf 73' lang='grc' dir='ltr'><strong><em>αἱρήσειν</em></strong></span> <span class='ocrx_word' id='word_1_29' title='bbox 589 697 651 780; x_wconf 84' lang='grc' dir='ltr'><strong><em>τήν</em></strong></span> <span class='ocrx_word' id='word_1_30' title='bbox 673 699 772 764; x_wconf 87' lang='grc' dir='ltr'><strong><em>πόλιν</em></strong></span> <span class='ocrx_word' id='word_1_31' title='bbox 796 697 1050 782; x_wconf 79' lang='grc' dir='ltr'><strong><em>ὑπολαμβάνων.</em></strong></span> <span class='ocrx_word' id='word_1_32' title='bbox 1093 694 1156 762; x_wconf 85' lang='grc' dir='ltr'><strong><em>οὐδε</em></strong></span> 
     </span>
     <span class='ocr_line' id='line_1_6' title="bbox 132 795 1156 890; baseline -0.003 -20"><span class='ocrx_word' id='word_1_33' title='bbox 132 807 223 890; x_wconf 74' lang='grc' dir='ltr'><strong><em>ογδιρ</em></strong></span> <span class='ocrx_word' id='word_1_34' title='bbox 251 804 289 870; x_wconf 86' lang='grc' dir='ltr'><strong><em>αἰ</em></strong></span> <span class='ocrx_word' id='word_1_35' title='bbox 308 807 465 871; x_wconf 85' lang='grc' dir='ltr'><strong><em>Λατίνων</em></strong></span> <span class='ocrx_word' id='word_1_36' title='bbox 489 807 617 887; x_wconf 89' lang='grc' dir='ltr'><strong><em>πόλεις,</em></strong></span> <span class='ocrx_word' id='word_1_37' title='bbox 646 795 699 880; x_wconf 88' lang='grc' dir='ltr'><strong><em>αἰς</em></strong></span> <span class='ocrx_word' id='word_1_38' title='bbox 721 803 759 868; x_wconf 87' lang='grc' dir='ltr'><strong><em>οί</em></strong></span> <span class='ocrx_word' id='word_1_39' title='bbox 782 804 963 888; x_wconf 78' lang='grc' dir='ltr'><strong><em>Φιδηναῖοι</em></strong></span> <span class='ocrx_word' id='word_1_40' title='bbox 987 805 1100 887; x_wconf 87' lang='grc' dir='ltr'><strong><em>μόναις</em></strong></span> <span class='ocrx_word' id='word_1_41' title='bbox 1118 824 1156 867; x_wconf 89' lang='grc' dir='ltr'><strong><em>πι-</em></strong></span> 
     </span>
     <span class='ocr_line' id='line_1_7' title="bbox 160 907 1156 994; baseline -0.002 -18"><span class='ocrx_word' id='word_1_42' title='bbox 160 912 333 990; x_wconf 87' lang='grc' dir='ltr'><strong><em>στεύοντες</em></strong></span> <span class='ocrx_word' id='word_1_43' title='bbox 354 911 527 978; x_wconf 76' lang='grc' dir='ltr'><strong><em>ἀνείλοντο</em></strong></span> <span class='ocrx_word' id='word_1_44' title='bbox 547 911 607 976; x_wconf 89' lang='grc' dir='ltr'><strong><em>τὸν</em></strong></span> <span class='ocrx_word' id='word_1_45' title='bbox 620 912 779 994; x_wconf 90' lang='grc' dir='ltr'><strong><em>πόλεμον,</em></strong></span> <span class='ocrx_word' id='word_1_46' title='bbox 799 907 910 975; x_wconf 82' lang='grc' dir='ltr'><strong><em>ίιιαναί</em></strong></span> <span class='ocrx_word' id='word_1_47' title='bbox 924 911 1042 988; x_wconf 76' lang='grc' dir='ltr'><strong><em>σώζειν</em></strong></span> <span class='ocrx_word' id='word_1_48' title='bbox 1056 909 1156 987; x_wconf 84' lang='grc' dir='ltr'><strong><em>αὐτοὺς</em></strong></span> 
     </span>
     <span class='ocr_line' id='line_1_8' title="bbox 126 1012 1155 1103; baseline -0.005 -18"><span class='ocrx_word' id='word_1_49' title='bbox 126 1017 209 1085; x_wconf 83' lang='grc' dir='ltr'><strong><em>3ἐτι</em></strong></span> <span class='ocrx_word' id='word_1_50' title='bbox 236 1014 304 1082; x_wconf 87' lang='grc' dir='ltr'><strong><em>τότ’</em></strong></span> <span class='ocrx_word' id='word_1_51' title='bbox 326 1012 421 1099; x_wconf 75' lang='grc' dir='ltr'><strong><em>ἦσαν.</em></strong></span> <span class='ocrx_word' id='word_1_52' title='bbox 465 1019 524 1101; x_wconf 91' lang='grc' dir='ltr'><strong><em>μία</em></strong></span> <span class='ocrx_word' id='word_1_53' title='bbox 547 1014 697 1103; x_wconf 74' lang='grc' dir='ltr'><strong><em>μὲνγὰρ</em></strong></span> <span class='ocrx_word' id='word_1_54' title='bbox 721 1014 861 1100; x_wconf 78' lang='grc' dir='ltr'><strong><em>οὐδεμία</em></strong></span> <span class='ocrx_word' id='word_1_55' title='bbox 884 1018 980 1093; x_wconf 86' lang='grc' dir='ltr'><strong><em>πόλις</em></strong></span> <span class='ocrx_word' id='word_1_56' title='bbox 1002 1015 1155 1101; x_wconf 80' lang='grc' dir='ltr'><strong><em>ἀξιόχρεως</em></strong></span> 
     </span>
     <span class='ocr_line' id='line_1_9' title="bbox 159 1117 1155 1209; baseline 0 -23"><span class='ocrx_word' id='word_1_57' title='bbox 159 1117 202 1204; x_wconf 81' lang='grc' dir='ltr'><strong><em>ήν</em></strong></span> <span class='ocrx_word' id='word_1_58' title='bbox 225 1121 410 1202; x_wconf 79' lang='grc' dir='ltr'><strong><em>ἀπαλλάξαι</em></strong></span> <span class='ocrx_word' id='word_1_59' title='bbox 428 1131 486 1206; x_wconf 80' lang='grc' dir='ltr'><strong><em>τῆς</em></strong></span> <span class='ocrx_word' id='word_1_60' title='bbox 503 1124 700 1209; x_wconf 82' lang='grc' dir='ltr'><strong><em>πολιορκίας</em></strong></span> <span class='ocrx_word' id='word_1_61' title='bbox 718 1121 852 1205; x_wconf 89' lang='grc' dir='ltr'><strong><em>αὐτούς,</em></strong></span> <span class='ocrx_word' id='word_1_62' title='bbox 874 1130 972 1207; x_wconf 79' lang='grc' dir='ltr'><strong><em>κοινῇ</em></strong></span> <span class='ocrx_word' id='word_1_63' title='bbox 992 1119 1022 1187; x_wconf 91' lang='grc' dir='ltr'><strong><em>δ’</em></strong></span> <span class='ocrx_word' id='word_1_64' title='bbox 1045 1121 1077 1201; x_wconf 84' lang='grc' dir='ltr'><strong><em>ἐξ</em></strong></span> <span class='ocrx_word' id='word_1_65' title='bbox 1095 1123 1155 1187; x_wconf 82' lang='grc' dir='ltr'><strong><em>ὅλοι</em></strong></span> 
     </span>
     <span class='ocr_line' id='line_1_10' title="bbox 159 1228 1155 1314; baseline 0.002 -22"><span class='ocrx_word' id='word_1_66' title='bbox 159 1236 221 1293; x_wconf 88' lang='grc' dir='ltr'><strong><em>τοῦ</em></strong></span> <span class='ocrx_word' id='word_1_67' title='bbox 244 1230 370 1306; x_wconf 79' lang='grc' dir='ltr'><strong><em>ἔθνους</em></strong></span> <span class='ocrx_word' id='word_1_68' title='bbox 392 1229 485 1295; x_wconf 84' lang='grc' dir='ltr'><strong><em>οὐπω</em></strong></span> <span class='ocrx_word' id='word_1_69' title='bbox 511 1231 720 1314; x_wconf 80' lang='grc' dir='ltr'><strong><em>συνειστήκει</em></strong></span> <span class='ocrx_word' id='word_1_70' title='bbox 742 1229 895 1314; x_wconf 86' lang='grc' dir='ltr'><strong><em>δύναμις,</em></strong></span> <span class='ocrx_word' id='word_1_71' title='bbox 919 1228 1003 1294; x_wconf 82' lang='grc' dir='ltr'><strong><em>ἀλλὰ</em></strong></span> <span class='ocrx_word' id='word_1_72' title='bbox 1020 1229 1155 1305; x_wconf 77' lang='grc' dir='ltr'><strong><em>πολλάκις</em></strong></span> 
     </span>
     <span class='ocr_line' id='line_1_11' title="bbox 120 1333 1154 1422; baseline 0.002 -26"><span class='ocrx_word' id='word_1_73' title='bbox 120 1356 146 1396; x_wconf 88' lang='lat'><strong><em>1⁰</em></strong></span> <span class='ocrx_word' id='word_1_74' title='bbox 159 1333 441 1420; x_wconf 79' lang='grc' dir='ltr'><strong><em>πρεσβευομένοις</em></strong></span> <span class='ocrx_word' id='word_1_75' title='bbox 463 1335 577 1413; x_wconf 75' lang='grc' dir='ltr'><strong><em>αὐτοῖς</em></strong></span> <span class='ocrx_word' id='word_1_76' title='bbox 594 1336 653 1413; x_wconf 82' lang='grc' dir='ltr'><strong><em>τὰς</em></strong></span> <span class='ocrx_word' id='word_1_77' title='bbox 671 1335 772 1414; x_wconf 82' lang='grc' dir='ltr'><strong><em>αὐτὰς</em></strong></span> <span class='ocrx_word' id='word_1_78' title='bbox 789 1334 949 1402; x_wconf 91' lang='grc' dir='ltr'><strong><em>ἐδίδοσαν</em></strong></span> <span class='ocrx_word' id='word_1_79' title='bbox 968 1335 1005 1401; x_wconf 84' lang='grc' dir='ltr'><strong><em>οί</em></strong></span> <span class='ocrx_word' id='word_1_80' title='bbox 1019 1351 1154 1422; x_wconf 81' lang='grc' dir='ltr'><strong><em>προεστη-</em></strong></span> 
     </span>
     <span class='ocr_line' id='line_1_12' title="bbox 159 1440 1154 1527; baseline -0.004 -19"><span class='ocrx_word' id='word_1_81' title='bbox 159 1444 252 1518; x_wconf 90' lang='grc' dir='ltr'><strong><em>κότες</em></strong></span> <span class='ocrx_word' id='word_1_82' title='bbox 279 1450 347 1506; x_wconf 81' lang='grc' dir='ltr'><strong><em>τῶν</em></strong></span> <span class='ocrx_word' id='word_1_83' title='bbox 373 1444 505 1508; x_wconf 90' lang='grc' dir='ltr'><strong><em>πόλεων</em></strong></span> <span class='ocrx_word' id='word_1_84' title='bbox 530 1441 735 1527; x_wconf 82' lang='grc' dir='ltr'><strong><em>ἀποκρίσεις,</em></strong></span> <span class='ocrx_word' id='word_1_85' title='bbox 766 1441 812 1519; x_wconf 85' lang='grc' dir='ltr'><strong><em>ώς</em></strong></span> <span class='ocrx_word' id='word_1_86' title='bbox 834 1440 1040 1527; x_wconf 80' lang='grc' dir='ltr'><strong><em>ἀφιξομένης</em></strong></span> <span class='ocrx_word' id='word_1_87' title='bbox 1060 1444 1154 1526; x_wconf 87' lang='grc' dir='ltr'><strong><em>σφίσιν</em></strong></span> 
     </span>
     <span class='ocr_line' id='line_1_13' title="bbox 160 1543 1154 1634; baseline 0 -22"><span class='ocrx_word' id='word_1_88' title='bbox 160 1547 352 1634; x_wconf 80' lang='grc' dir='ltr'><strong><em>ἐπικουρίας</em></strong></span> <span class='ocrx_word' id='word_1_89' title='bbox 389 1547 426 1614; x_wconf 84' lang='grc' dir='ltr'><strong><em>ἐν</em></strong></span> <span class='ocrx_word' id='word_1_90' title='bbox 459 1548 566 1633; x_wconf 88' lang='grc' dir='ltr'><strong><em>τάχει·</em></strong></span> <span class='ocrx_word' id='word_1_91' title='bbox 611 1550 712 1634; x_wconf 77' lang='grc' dir='ltr'><strong><em>ἔργον</em></strong></span> <span class='ocrx_word' id='word_1_92' title='bbox 744 1543 777 1614; x_wconf 88' lang='grc' dir='ltr'><strong><em>δ’</em></strong></span> <span class='ocrx_word' id='word_1_93' title='bbox 814 1546 916 1616; x_wconf 75' lang='grc' dir='ltr'><strong><em>οὐδὲν</em></strong></span> <span class='ocrx_word' id='word_1_94' title='bbox 948 1547 1075 1633; x_wconf 88' lang='grc' dir='ltr'><strong><em>ἐγίνετο</em></strong></span> <span class='ocrx_word' id='word_1_95' title='bbox 1104 1558 1154 1623; x_wconf 74' lang='grc' dir='ltr'><strong><em>ταῖς</em></strong></span> 
     </span>
     <span class='ocr_line' id='line_1_14' title="bbox 159 1651 1154 1742; baseline 0 -24"><span class='ocrx_word' id='word_1_96' title='bbox 159 1651 380 1738; x_wconf 81' lang='grc' dir='ltr'><strong><em>ὑποσχέσεσιν</em></strong></span> <span class='ocrx_word' id='word_1_97' title='bbox 411 1653 547 1738; x_wconf 85' lang='grc' dir='ltr'><strong><em>ὅμοιον,</em></strong></span> <span class='ocrx_word' id='word_1_98' title='bbox 582 1653 666 1720; x_wconf 89' lang='grc' dir='ltr'><strong><em>ἀλλά</em></strong></span> <span class='ocrx_word' id='word_1_99' title='bbox 695 1653 790 1742; x_wconf 77' lang='grc' dir='ltr'><strong><em>μέχρι</em></strong></span> <span class='ocrx_word' id='word_1_100' title='bbox 817 1657 929 1738; x_wconf 87' lang='grc' dir='ltr'><strong><em>λόγων</em></strong></span> <span class='ocrx_word' id='word_1_101' title='bbox 956 1655 995 1720; x_wconf 89' lang='grc' dir='ltr'><strong><em>αἰ</em></strong></span> <span class='ocrx_word' id='word_1_102' title='bbox 1018 1652 1154 1740; x_wconf 77' lang='grc' dir='ltr'><strong><em>περὶτῆς</em></strong></span> 
     </span>
     <span class='ocr_line' id='line_1_15' title="bbox 124 1758 1153 1847; baseline -0.003 -21"><span class='ocrx_word' id='word_1_103' title='bbox 124 1763 348 1845; x_wconf 87' lang='grc' dir='ltr'><strong><em>4συμμαχίας</em></strong></span> <span class='ocrx_word' id='word_1_104' title='bbox 380 1758 512 1839; x_wconf 75' lang='grc' dir='ltr'><strong><em>ἐλπίδες</em></strong></span> <span class='ocrx_word' id='word_1_105' title='bbox 543 1759 702 1847; x_wconf 80' lang='grc' dir='ltr'><strong><em>ἐχώρουν.</em></strong></span> <span class='ocrx_word' id='word_1_106' title='bbox 750 1761 791 1827; x_wconf 92' lang='grc' dir='ltr'><strong><em>οὐ</em></strong></span> <span class='ocrx_word' id='word_1_107' title='bbox 823 1762 890 1847; x_wconf 89' lang='grc' dir='ltr'><strong><em>μήν</em></strong></span> <span class='ocrx_word' id='word_1_108' title='bbox 921 1761 1110 1826; x_wconf 89' lang='grc' dir='ltr'><strong><em>παντάπασί</em></strong></span> <span class='ocrx_word' id='word_1_109' title='bbox 1130 1782 1153 1842; x_wconf 86' lang='grc' dir='ltr'><strong><em>γε</em></strong></span> 
     </span>
     <span class='ocr_line' id='line_1_16' title="bbox 120 1865 1154 1952; baseline 0.011 -28"><span class='ocrx_word' id='word_1_110' title='bbox 120 1884 146 1925; x_wconf 83' lang='lat'><strong><em>15</em></strong></span> <span class='ocrx_word' id='word_1_111' title='bbox 160 1865 200 1929; x_wconf 90' lang='grc' dir='ltr'><strong><em>τά</em></strong></span> <span class='ocrx_word' id='word_1_112' title='bbox 236 1867 327 1952; x_wconf 84' lang='grc' dir='ltr'><strong><em>παρά</em></strong></span> <span class='ocrx_word' id='word_1_113' title='bbox 360 1877 428 1934; x_wconf 82' lang='grc' dir='ltr'><strong><em>τών</em></strong></span> <span class='ocrx_word' id='word_1_114' title='bbox 460 1870 619 1934; x_wconf 89' lang='grc' dir='ltr'><strong><em>Λατίνων</em></strong></span> <span class='ocrx_word' id='word_1_115' title='bbox 651 1866 887 1952; x_wconf 81' lang='grc' dir='ltr'><strong><em>ἀπεγνώκεσαν</em></strong></span> <span class='ocrx_word' id='word_1_116' title='bbox 919 1867 955 1933; x_wconf 87' lang='grc' dir='ltr'><strong><em>οἰ</em></strong></span> <span class='ocrx_word' id='word_1_117' title='bbox 988 1868 1154 1951; x_wconf 77' lang='grc' dir='ltr'><strong><em>Φιδηναῖοι,</em></strong></span> 
     </span>
     <span class='ocr_line' id='line_1_17' title="bbox 160 1969 1180 2060; baseline 0 -25"><span class='ocrx_word' id='word_1_118' title='bbox 160 1969 243 2037; x_wconf 87' lang='grc' dir='ltr'><strong><em>ἀλλά</em></strong></span> <span class='ocrx_word' id='word_1_119' title='bbox 271 1971 508 2060; x_wconf 75' lang='grc' dir='ltr'><strong><em>διεκαρτέρουν</em></strong></span> <span class='ocrx_word' id='word_1_120' title='bbox 536 1972 591 2040; x_wconf 79' lang='grc' dir='ltr'><strong><em>ἐπὶ</em></strong></span> <span class='ocrx_word' id='word_1_121' title='bbox 616 1985 690 2052; x_wconf 76' lang='grc' dir='ltr'><strong><em>ταῖς</em></strong></span> <span class='ocrx_word' id='word_1_122' title='bbox 717 1974 847 2041; x_wconf 73' lang='grc' dir='ltr'><strong><em>ἐκεῖθεν</em></strong></span> <span class='ocrx_word' id='word_1_123' title='bbox 875 1974 986 2041; x_wconf 79' lang='grc' dir='ltr'><strong><em>ἐλπίσι</em></strong></span> <span class='ocrx_word' id='word_1_124' title='bbox 1008 1975 1111 2040; x_wconf 87' lang='grc' dir='ltr'><strong><em>πάντα</em></strong></span> <span class='ocrx_word' id='word_1_125' title='bbox 1128 1973 1180 2036; x_wconf 53' lang='grc' dir='ltr'><strong><em>ιιί1</em></strong></span> 
     </span>
     <span class='ocr_line' id='line_1_18' title="bbox 160 2076 1154 2168; baseline 0.002 -26"><span class='ocrx_word' id='word_1_126' title='bbox 160 2077 255 2144; x_wconf 87' lang='grc' dir='ltr'><strong><em>δεινά</em></strong></span> <span class='ocrx_word' id='word_1_127' title='bbox 278 2078 510 2166; x_wconf 82' lang='grc' dir='ltr'><strong><em>ὑπομένοντες.</em></strong></span> <span class='ocrx_word' id='word_1_128' title='bbox 547 2076 591 2164; x_wconf 80' lang='grc' dir='ltr'><strong><em>ήν</em></strong></span> <span class='ocrx_word' id='word_1_129' title='bbox 614 2078 646 2146; x_wconf 88' lang='grc' dir='ltr'><strong><em>δ’</em></strong></span> <span class='ocrx_word' id='word_1_130' title='bbox 668 2076 752 2168; x_wconf 69' lang='grc' dir='ltr'><strong><em>ὑπὲρ</em></strong></span> <span class='ocrx_word' id='word_1_131' title='bbox 772 2081 880 2146; x_wconf 89' lang='grc' dir='ltr'><strong><em>πάντα</em></strong></span> <span class='ocrx_word' id='word_1_132' title='bbox 898 2080 917 2148; x_wconf 88' lang='grc' dir='ltr'><strong><em>ὑ</em></strong></span> <span class='ocrx_word' id='word_1_133' title='bbox 936 2082 1034 2166; x_wconf 88' lang='grc' dir='ltr'><strong><em>λιμδς</em></strong></span> <span class='ocrx_word' id='word_1_134' title='bbox 1050 2082 1154 2166; x_wconf 86' lang='grc' dir='ltr'><strong><em>ἀμαχον</em></strong></span> 
     </span>
     <span class='ocr_line' id='line_1_19' title="bbox 159 2179 1179 2273; baseline 0 -24"><span class='ocrx_word' id='word_1_135' title='bbox 159 2193 294 2271; x_wconf 81' lang='grc' dir='ltr'><strong><em>πρᾶγμα</em></strong></span> <span class='ocrx_word' id='word_1_136' title='bbox 316 2179 372 2253; x_wconf 84' lang='grc' dir='ltr'><strong><em>καὶ</em></strong></span> <span class='ocrx_word' id='word_1_137' title='bbox 394 2189 503 2253; x_wconf 88' lang='grc' dir='ltr'><strong><em>πολὺν</em></strong></span> <span class='ocrx_word' id='word_1_138' title='bbox 526 2181 625 2264; x_wconf 84' lang='grc' dir='ltr'><strong><em>οὗτος</em></strong></span> <span class='ocrx_word' id='word_1_139' title='bbox 647 2185 803 2271; x_wconf 82' lang='grc' dir='ltr'><strong><em>ἐποίησεν</em></strong></span> <span class='ocrx_word' id='word_1_140' title='bbox 822 2187 1016 2272; x_wconf 80' lang='grc' dir='ltr'><strong><em>ἀνθρώπων</em></strong></span> <span class='ocrx_word' id='word_1_141' title='bbox 1034 2189 1179 2273; x_wconf 72' lang='grc' dir='ltr'><strong><em>φθόρονλό</em></strong></span> 
     </span>
     <span class='ocr_line' id='line_1_20' title="bbox 161 2289 1154 2382; baseline -0.002 -24"><span class='ocrx_word' id='word_1_142' title='bbox 161 2291 206 2369; x_wconf 86' lang='grc' dir='ltr'><strong><em>ώς</em></strong></span> <span class='ocrx_word' id='word_1_143' title='bbox 234 2290 266 2358; x_wconf 87' lang='grc' dir='ltr'><strong><em>δ’</em></strong></span> <span class='ocrx_word' id='word_1_144' title='bbox 288 2293 510 2382; x_wconf 86' lang='grc' dir='ltr'><strong><em>ἀπειρήκεσαν</em></strong></span> <span class='ocrx_word' id='word_1_145' title='bbox 538 2295 603 2378; x_wconf 81' lang='grc' dir='ltr'><strong><em>ήδη</em></strong></span> <span class='ocrx_word' id='word_1_146' title='bbox 626 2304 696 2372; x_wconf 73' lang='grc' dir='ltr'><strong><em>τοῖς</em></strong></span> <span class='ocrx_word' id='word_1_147' title='bbox 717 2303 846 2378; x_wconf 71' lang='grc' dir='ltr'><strong><em>κακοῖς,</em></strong></span> <span class='ocrx_word' id='word_1_148' title='bbox 873 2294 1077 2381; x_wconf 80' lang='grc' dir='ltr'><strong><em>πρεσβευτάς</em></strong></span> <span class='ocrx_word' id='word_1_149' title='bbox 1098 2289 1154 2357; x_wconf 85' lang='grc' dir='ltr'><strong><em>ἀπέ-</em></strong></span> 
     </span>
     <span class='ocr_line' id='line_1_21' title="bbox 120 2395 1155 2485; baseline -0.002 -21"><span class='ocrx_word' id='word_1_150' title='bbox 120 2417 147 2458; x_wconf 76' lang='lat'><strong><em>²0</em></strong></span> <span class='ocrx_word' id='word_1_151' title='bbox 161 2404 297 2466; x_wconf 91' lang='grc' dir='ltr'><strong><em>στειλαν</em></strong></span> <span class='ocrx_word' id='word_1_152' title='bbox 320 2400 365 2478; x_wconf 83' lang='grc' dir='ltr'><strong><em>ὡς</em></strong></span> <span class='ocrx_word' id='word_1_153' title='bbox 386 2401 448 2465; x_wconf 86' lang='grc' dir='ltr'><strong><em>τὸν</em></strong></span> <span class='ocrx_word' id='word_1_154' title='bbox 469 2400 600 2466; x_wconf 86' lang='grc' dir='ltr'><strong><em>ὐπατον</em></strong></span> <span class='ocrx_word' id='word_1_155' title='bbox 623 2399 746 2485; x_wconf 87' lang='grc' dir='ltr'><strong><em>ἀνοχάς</em></strong></span> <span class='ocrx_word' id='word_1_156' title='bbox 768 2400 938 2479; x_wconf 80' lang='grc' dir='ltr'><strong><em>αἰτοῦντες</em></strong></span> <span class='ocrx_word' id='word_1_157' title='bbox 960 2402 1009 2479; x_wconf 87' lang='grc' dir='ltr'><strong><em>εἰς</em></strong></span> <span class='ocrx_word' id='word_1_158' title='bbox 1027 2395 1155 2482; x_wconf 77' lang='grc' dir='ltr'><strong><em>τεταγμέ-</em></strong></span> 
     </span>
     <span class='ocr_line' id='line_1_22' title="bbox 159 2504 1154 2594; baseline -0.003 -25"><span class='ocrx_word' id='word_1_159' title='bbox 159 2527 222 2570; x_wconf 93' lang='grc' dir='ltr'><strong><em>νον</em></strong></span> <span class='ocrx_word' id='word_1_160' title='bbox 245 2508 322 2572; x_wconf 83' lang='grc' dir='ltr'><strong><em>τινὰ</em></strong></span> <span class='ocrx_word' id='word_1_161' title='bbox 344 2506 479 2593; x_wconf 85' lang='grc' dir='ltr'><strong><em>ήμερῶν</em></strong></span> <span class='ocrx_word' id='word_1_162' title='bbox 503 2504 652 2591; x_wconf 76' lang='grc' dir='ltr'><strong><em>ἀριθμὸν</em></strong></span> <span class='ocrx_word' id='word_1_163' title='bbox 670 2506 716 2582; x_wconf 83' lang='grc' dir='ltr'><strong><em>ὡς</em></strong></span> <span class='ocrx_word' id='word_1_164' title='bbox 734 2504 772 2572; x_wconf 92' lang='grc' dir='ltr'><strong><em>ἐν</em></strong></span> <span class='ocrx_word' id='word_1_165' title='bbox 789 2507 896 2594; x_wconf 83' lang='grc' dir='ltr'><strong><em>τούτω</em></strong></span> <span class='ocrx_word' id='word_1_166' title='bbox 915 2508 1154 2590; x_wconf 79' lang='grc' dir='ltr'><strong><em>βουλευσόμενοι</em></strong></span> 
     </span>
     <span class='ocr_line' id='line_1_23' title="bbox 159 2600 1154 2699; baseline 0 -25"><span class='ocrx_word' id='word_1_167' title='bbox 159 2618 205 2697; x_wconf 76' lang='grc' dir='ltr'><strong><em>τῷ</em></strong></span> <span class='ocrx_word' id='word_1_168' title='bbox 240 2614 350 2698; x_wconf 78' lang='grc' dir='ltr'><strong><em>χρόνῳ</em></strong></span> <span class='ocrx_word' id='word_1_169' title='bbox 383 2610 458 2699; x_wconf 80' lang='grc' dir='ltr'><strong><em>περὶ</em></strong></span> <span class='ocrx_word' id='word_1_170' title='bbox 486 2619 544 2696; x_wconf 84' lang='grc' dir='ltr'><strong><em>τής</em></strong></span> <span class='ocrx_word' id='word_1_171' title='bbox 569 2611 653 2698; x_wconf 89' lang='grc' dir='ltr'><strong><em>πρὸς</em></strong></span> <span class='ocrx_word' id='word_1_172' title='bbox 674 2607 856 2696; x_wconf 88' lang='grc' dir='ltr'><strong><em>Ῥωμαίους</em></strong></span> <span class='ocrx_word' id='word_1_173' title='bbox 882 2613 1012 2697; x_wconf 87' lang='grc' dir='ltr'><strong><em>φιλίας,</em></strong></span> <span class='ocrx_word' id='word_1_174' title='bbox 1046 2607 1095 2696; x_wconf 88' lang='grc' dir='ltr'><strong><em>ἐφ’</em></strong></span> <span class='ocrx_word' id='word_1_175' title='bbox 1119 2600 1154 2684; x_wconf 80' lang='grc' dir='ltr'><strong><em>οἷς</em></strong></span> 
     </span>
     <span class='ocr_line' id='line_1_24' title="bbox 125 2711 1154 2804; baseline -0.001 -23"><span class='ocrx_word' id='word_1_176' title='bbox 125 2714 269 2799; x_wconf 77' lang='grc' dir='ltr'><strong><em>ὑαύτήν</em></strong></span> <span class='ocrx_word' id='word_1_177' title='bbox 300 2721 496 2804; x_wconf 78' lang='grc' dir='ltr'><strong><em>ποιήσονται</em></strong></span> <span class='ocrx_word' id='word_1_178' title='bbox 526 2719 675 2795; x_wconf 91' lang='grc' dir='ltr'><strong><em>δικαίοις.</em></strong></span> <span class='ocrx_word' id='word_1_179' title='bbox 720 2713 763 2800; x_wconf 84' lang='grc' dir='ltr'><strong><em>ήν</em></strong></span> <span class='ocrx_word' id='word_1_180' title='bbox 792 2711 825 2784; x_wconf 87' lang='grc' dir='ltr'><strong><em>δ’</em></strong></span> <span class='ocrx_word' id='word_1_181' title='bbox 859 2717 900 2785; x_wconf 93' lang='grc' dir='ltr'><strong><em>οὐ</em></strong></span> <span class='ocrx_word' id='word_1_182' title='bbox 928 2722 1053 2803; x_wconf 79' lang='grc' dir='ltr'><strong><em>βουλῆς</em></strong></span> <span class='ocrx_word' id='word_1_183' title='bbox 1077 2718 1154 2802; x_wconf 89' lang='grc' dir='ltr'><strong><em>χάριν</em></strong></span> 
     </span>
     <span class='ocr_line' id='line_1_25' title="bbox 161 2817 1153 2912; baseline 0 -28"><span class='ocrx_word' id='word_1_184' title='bbox 161 2820 360 2906; x_wconf 86' lang='grc' dir='ltr'><strong><em>αἰτούμενος</em></strong></span> <span class='ocrx_word' id='word_1_185' title='bbox 378 2817 440 2889; x_wconf 51' lang='grc' dir='ltr'><strong><em>ὑπ”</em></strong></span> <span class='ocrx_word' id='word_1_186' title='bbox 455 2823 565 2889; x_wconf 82' lang='grc' dir='ltr'><strong><em>αὐτῶν</em></strong></span> <span class='ocrx_word' id='word_1_187' title='bbox 585 2823 603 2889; x_wconf 89' lang='grc' dir='ltr'>ὁ</span> <span class='ocrx_word' id='word_1_188' title='bbox 622 2825 758 2910; x_wconf 88' lang='grc' dir='ltr'><strong><em>χρόνος,</em></strong></span> <span class='ocrx_word' id='word_1_189' title='bbox 781 2822 864 2890; x_wconf 84' lang='grc' dir='ltr'><strong><em>ἀλλὰ</em></strong></span> <span class='ocrx_word' id='word_1_190' title='bbox 881 2833 1088 2912; x_wconf 87' lang='grc' dir='ltr'><strong><em>παρασκενής</em></strong></span> <span class='ocrx_word' id='word_1_191' title='bbox 1102 2832 1153 2887; x_wconf 82' lang='grc' dir='ltr'><strong><em>τών</em></strong></span> 
     </span>
     <span class='ocr_line' id='line_1_26' title="bbox 120 2928 1154 3016; baseline 0.004 -27"><span class='ocrx_word' id='word_1_192' title='bbox 120 2947 146 2989; x_wconf 77' lang='lat'><strong><em>25</em></strong></span> <span class='ocrx_word' id='word_1_193' title='bbox 161 2928 355 3014; x_wconf 93' lang='grc' dir='ltr'><strong><em>συμμάχων,</em></strong></span> <span class='ocrx_word' id='word_1_194' title='bbox 375 2929 420 3007; x_wconf 80' lang='grc' dir='ltr'><strong><em>ὡς</em></strong></span> <span class='ocrx_word' id='word_1_195' title='bbox 437 2928 611 3015; x_wconf 80' lang='grc' dir='ltr'><strong><em>ἐδήλωσαν</em></strong></span> <span class='ocrx_word' id='word_1_196' title='bbox 629 2940 697 2995; x_wconf 83' lang='grc' dir='ltr'><strong><em>τῶν</em></strong></span> <span class='ocrx_word' id='word_1_197' title='bbox 715 2929 912 3016; x_wconf 85' lang='grc' dir='ltr'><strong><em>αὐτομόλων</em></strong></span> <span class='ocrx_word' id='word_1_198' title='bbox 930 2928 1020 3010; x_wconf 71' lang='grc' dir='ltr'><strong><em>τινὲς</em></strong></span> <span class='ocrx_word' id='word_1_199' title='bbox 1039 2934 1154 3015; x_wconf 78' lang='grc' dir='ltr'><strong><em>ἔναγχος</em></strong></span> 
     </span>
     <span class='ocr_line' id='line_1_27' title="bbox 162 3034 1153 3123; baseline -0.002 -22"><span class='ocrx_word' id='word_1_200' title='bbox 162 3034 350 3122; x_wconf 86' lang='grc' dir='ltr'><strong><em>ἀφιγμένοι.</em></strong></span> <span class='ocrx_word' id='word_1_201' title='bbox 396 3045 435 3121; x_wconf 76' lang='grc' dir='ltr'><strong><em>τῇ</em></strong></span> <span class='ocrx_word' id='word_1_202' title='bbox 468 3038 531 3123; x_wconf 84' lang='grc' dir='ltr'><strong><em>γάρ</em></strong></span> <span class='ocrx_word' id='word_1_203' title='bbox 564 3039 756 3123; x_wconf 78' lang='grc' dir='ltr'><strong><em>ἔμπροσθεν</em></strong></span> <span class='ocrx_word' id='word_1_204' title='bbox 787 3036 884 3103; x_wconf 79' lang='grc' dir='ltr'><strong><em>νυκτὶ</em></strong></span> <span class='ocrx_word' id='word_1_205' title='bbox 912 3042 992 3117; x_wconf 86' lang='grc' dir='ltr'><strong><em>τοὺς</em></strong></span> <span class='ocrx_word' id='word_1_206' title='bbox 1021 3038 1153 3122; x_wconf 88' lang='grc' dir='ltr'><strong><em>ἐπιφανε-</em></strong></span> 
     </span>
    </p>
   </div>
   <div class='ocr_carea' id='block_1_3' title="bbox 165 3259 1152 3542">
    <p class='ocr_par' dir='ltr' id='par_1_3' title="bbox 165 3259 1152 3542">
     <span class='ocr_line' id='line_1_28' title="bbox 235 3259 1150 3334; baseline 0.005 -22"><span class='ocrx_word' id='word_1_207' title='bbox 235 3259 410 3327; x_wconf 83' lang='grc' dir='ltr'><strong><em>5μόναιςΒ</em></strong></span> <span class='ocrx_word' id='word_1_208' title='bbox 447 3261 567 3331; x_wconf 69' lang='grc' dir='ltr'><strong><em>μόλιςῌ</em></strong></span> <span class='ocrx_word' id='word_1_209' title='bbox 649 3261 797 3327; x_wconf 76' lang='grc' dir='ltr'><strong><em>δίκαναῖς</em></strong></span> <span class='ocrx_word' id='word_1_210' title='bbox 816 3266 862 3319; x_wconf 77' lang='lat' dir='ltr'><strong><em>Ba</em></strong></span> <span class='ocrx_word' id='word_1_211' title='bbox 944 3265 1040 3321; x_wconf 75' lang='grc' dir='ltr'><strong><em>Ὶτότε</em></strong></span> <span class='ocrx_word' id='word_1_212' title='bbox 1057 3260 1150 3334; x_wconf 73' lang='grc' dir='ltr'><strong><em>ἦσανύ</em></strong></span> 
     </span>
     <span class='ocr_line' id='line_1_29' title="bbox 165 3321 1150 3412; baseline 0.013 -33"><span class='ocrx_word' id='word_1_213' title='bbox 165 3325 205 3412; x_wconf 72' lang='grc' dir='ltr'><strong><em>ἐτμ</em></strong></span> <span class='ocrx_word' id='word_1_214' title='bbox 228 3321 301 3393; x_wconf 78' lang='grc' dir='ltr'><strong><em>ἦσαν</em></strong></span> <span class='ocrx_word' id='word_1_215' title='bbox 324 3331 371 3382; x_wconf 89' lang='lat' dir='ltr'><strong><em>Bb</em></strong></span> <span class='ocrx_word' id='word_1_216' title='bbox 407 3335 552 3400; x_wconf 86' lang='grc' dir='ltr'><strong><em>τετείηοαν</em></strong></span> <span class='ocrx_word' id='word_1_217' title='bbox 571 3334 617 3386; x_wconf 77' lang='lat' dir='ltr'><strong><em>Ba</em></strong></span> <span class='ocrx_word' id='word_1_218' title='bbox 642 3335 647 3404; x_wconf 86' lang='grc' dir='ltr'>Ι</span> <span class='ocrx_word' id='word_1_219' title='bbox 673 3335 791 3404; x_wconf 87' lang='grc' dir='ltr'><strong><em>οὐδεμία</em></strong></span> <span class='ocrx_word' id='word_1_220' title='bbox 814 3333 865 3405; x_wconf 72' lang='grc' dir='ltr'><strong><em>μὲν</em></strong></span> <span class='ocrx_word' id='word_1_221' title='bbox 889 3337 942 3407; x_wconf 82' lang='grc' dir='ltr'><strong><em>γὰρ</em></strong></span> <span class='ocrx_word' id='word_1_222' title='bbox 965 3335 1084 3400; x_wconf 85' lang='grc' dir='ltr'><strong><em>πόλιςΑ</em></strong></span> <span class='ocrx_word' id='word_1_223' title='bbox 1114 3333 1150 3402; x_wconf 61' lang='grc' dir='ltr'><strong><em>μία</em></strong></span> 
     </span>
     <span class='ocr_line' id='line_1_30' title="bbox 165 3395 1152 3477; baseline 0.019 -31"><span class='ocrx_word' id='word_1_224' title='bbox 165 3413 215 3459; x_wconf 88' lang='grc' dir='ltr'><strong><em>μεν</em></strong></span> <span class='ocrx_word' id='word_1_225' title='bbox 234 3395 287 3464; x_wconf 81' lang='grc' dir='ltr'><strong><em>γὰρ</em></strong></span> <span class='ocrx_word' id='word_1_226' title='bbox 307 3400 424 3468; x_wconf 78' lang='grc' dir='ltr'><strong><em>οὐδεμία</em></strong></span> <span class='ocrx_word' id='word_1_227' title='bbox 442 3400 561 3465; x_wconf 85' lang='grc' dir='ltr'><strong><em>πόλιςΒ</em></strong></span> <span class='ocrx_word' id='word_1_228' title='bbox 617 3411 649 3459; x_wconf 78' lang='grc'><strong><em>17</em></strong></span> <span class='ocrx_word' id='word_1_229' title='bbox 670 3407 735 3460; x_wconf 75' lang='lat' dir='ltr'>ante</span> <span class='ocrx_word' id='word_1_230' title='bbox 754 3404 864 3475; x_wconf 85' lang='grc' dir='ltr'><strong><em>ἀμαχον</em></strong></span> <span class='ocrx_word' id='word_1_231' title='bbox 883 3423 954 3462; x_wconf 79' lang='lat' dir='ltr'>eras,</span> <span class='ocrx_word' id='word_1_232' title='bbox 974 3405 1084 3477; x_wconf 89' lang='grc' dir='ltr'><strong><em>αμονΒ</em></strong></span> <span class='ocrx_word' id='word_1_233' title='bbox 1127 3407 1152 3456; x_wconf 74' lang='lat'><strong><em>20</em></strong></span> 
     </span>
     <span class='ocr_line' id='line_1_31' title="bbox 167 3459 668 3542; baseline 0.034 -31"><span class='ocrx_word' id='word_1_234' title='bbox 167 3459 326 3527; x_wconf 83' lang='grc' dir='ltr'><strong><em>αἰτήσοντες</em></strong></span> <span class='ocrx_word' id='word_1_235' title='bbox 344 3484 367 3521; x_wconf 85' lang='grc' dir='ltr'><strong><em>ο.</em></strong></span> <span class='ocrx_word' id='word_1_236' title='bbox 388 3468 488 3524; x_wconf 84' lang='lat' dir='ltr'>Garrer</span> <span class='ocrx_word' id='word_1_237' title='bbox 507 3473 573 3526; x_wconf 85' lang='lat' dir='ltr'>Obs.</span> <span class='ocrx_word' id='word_1_238' title='bbox 591 3490 618 3542; x_wconf 88' lang='lat' dir='ltr'><strong><em>p.</em></strong></span> <span class='ocrx_word' id='word_1_239' title='bbox 634 3480 668 3528; x_wconf 72' lang='lat'><strong><em>55</em></strong></span> 
     </span>
    </p>
   </div>
   <div class='ocr_carea' id='block_1_4' title="bbox 0 0 1196 3902">
    <p class='ocr_par' dir='ltr' id='par_1_4' title="bbox 0 0 1196 3902">
     <span class='ocr_line' id='line_1_32' title="bbox 0 0 1196 3902; baseline 0 0"><span class='ocrx_word' id='word_1_240' title='bbox 0 0 1196 3902; x_wconf 95' lang='lat' dir='ltr'><strong><em> </em></strong></span> 
     </span>
    </p>
   </div>
  </div>
 </body>
</html>
