2384 3902
453 215 615 266 -5—
981 214 1046 282 273

34 377 72 440 ἀν
101 398 132 440 τι
164 375 269 440 καλὸν
300 373 322 459 ή
355 384 513 458 γενναῖον
541 374 578 456 ἐν
605 383 645 460 τῇ
675 376 761 462 μάχγ
792 375 1046 466 διαπραξαμένῳ

34 483 286 567 μαρτυρήσωσιν
319 482 356 546 οί
383 481 425 546 τά
457 483 538 566 ἔργα
571 482 760 559 συνειδότες
791 482 849 559 τάς
879 478 908 547 τ’
945 484 1047 560 ἀλλος
1156 513 1162 524 ·

35 588 193 652 ἀποδώσω
221 597 423 672 παραχρῆμα
451 586 560 672 τιμάς,
591 586 630 664 ἀς
653 586 689 654 ἐκ
710 599 779 652 τῶν
800 590 950 674 πατρίων
973 586 1046 654 ἐκύ-

14 705 117 770 ἰλστοις
135 692 289 778 ἐθισμῶν
306 683 447 779 ὑπάρχει
461 692 639 779 φέρεσθαι,
657 691 712 759 καὶ
726 703 786 778 γῆς
799 696 847 760 ἔτι
860 697 1045 780 προσθήσω

32 805 161 884 κλῆρον,
187 798 249 881 [ἐξ]
274 795 314 884 ἧς
336 798 489 883 κέκτηται
511 801 550 865 τὸ
574 801 748 884 δημόσιον,
772 800 889 866 ἱκανὸν
909 809 1073 885 ποιήσαιο

33 907 72 983 ὡς
88 907 235 990 μηδενὸς
252 915 321 970 τῶν
339 905 531 989 ἀναγκαίων
551 907 728 990 δεηθῆναι·
761 895 787 993 ᾦ
808 903 839 970 δ’
861 905 904 971 ἀν
921 906 942 990 ἡ
961 909 1044 991 κακή

32 1011 80 1077 καὶ
110 1013 305 1102 θεοβλαβής
337 1011 471 1077 διάνοια
503 1019 614 1096 φυγῆς
645 1011 833 1096 ἀσχήμονος
862 1012 1046 1097 ἐπιθυμίαν

33 1119 163 1205 ἐμβάλῃ,
188 1119 297 1206 τούτῳ
320 1119 381 1184 τὸν
405 1120 616 1203 φευγόμενον
639 1117 744 1202 ἀγχοῦ
763 1121 964 1203 παραστήσω
982 1119 1047 1185 θά-

32 1246 141 1292 νατον·
165 1228 328 1310 κρείττων
350 1225 415 1309 γάρ
439 1222 482 1289 ἀν
505 1221 610 1312 ἑαυτῷ
634 1245 670 1288 τε
692 1222 840 1301 καὶτοῖς
862 1224 1046 1309 ἀλλοιςγέ-
1071 1219 1075 1228 “

32 1356 117 1398 νοιτο
148 1332 196 1414 [ὁ]
225 1339 378 1408 τοιοῦτος
405 1331 542 1414 πολίτης
569 1329 768 1396 ἀποθανών·
798 1328 854 1395 καὶ
876 1328 1045 1416 περιέσται
1060 1353 1086 1392 ιο

33 1450 95 1516 τοῖς
122 1438 232 1514 οὕτως
260 1437 475 1504 ἀποθανοῦσι
502 1437 583 1521 μήτε
609 1444 718 1520 σαφής
742 1438 823 1520 μήτε
845 1445 912 1501 τῶν
935 1438 1046 1503 ἀλλων

33 1548 180 1630 νομίμων
199 1547 409 1629 μεταλαβεῖν,
434 1540 659 1627 ἀλλ’·ζάζήλοις
678 1538 882 1624 ἀκλαύστοις)
891 1539 948 1608 ὑπ’
971 1545 1046 1610 οίω-
1128 1619 1130 1624 ,

33 1662 96 1715 νῶν
115 1675 152 1717 τε
171 1648 229 1716 καλ
247 1652 382 1734 θηρίων
401 1649 662 1735 διαφορηθῆναι.
695 1657 799 1714 ταῦτα
818 1650 859 1733 δή
878 1651 1081 1735 προεγνω-5

33 1759 117 1834 κότες
140 1763 190 1824 ίτε
213 1757 399 1842 προθύμως
422 1755 565 1832 ἀπαντες
587 1753 641 1820 ἐπὶ
662 1756 722 1821 τὸν
740 1755 865 1840 ἀγῶνα,
888 1759 1047 1840 λαβόντες
1102 1833 1106 1842 Ι

33 1865 127 1940 καλάς
159 1862 297 1940 ἐλπίδας
326 1865 436 1948 ἔργων
465 1865 576 1927 καλῶν
603 1861 784 1947 ἡγεμόνας,
815 1861 860 1940 ὡς
887 1862 974 1948 (ἐν)
996 1861 1043 1928 ἐνλ
1060 1882 1087 1922 ιε

34 1972 110 2056 τῷδε
128 1971 281 2057 κινδύνῳ
299 1969 338 2034 τὸ
357 1969 535 2053 κράτιστον
552 1966 609 2034 καὶ
627 1962 698 2033 κατ’
715 1969 819 2053 εὐχήν
838 1969 939 2035 ἀπασι
953 1968 1047 2048 τέλος

33 2079 166 2159 λαβόντι
195 2077 236 2141 τά
263 2073 403 2166 μέγιστα
426 2073 555 2152 ἕξοντες
578 2074 705 2159 ἀγαθώ,
735 2078 846 2159 φόβου
869 2077 1047 2161 τυράννων

34 2181 112 2264 ὑμᾶς
136 2182 262 2259 αὐτοὺς
284 2182 580 2266 ἐλευθερώσοντες,
603 2184 698 2248 πόλει
716 2189 756 2266 τῇ
773 2180 952 2268 γειναμένῃ
971 2205 1047 2269 τρο-

35 2292 134 2370 φείων
150 2290 282 2366 δικαίας
296 2287 481 2374 ἀπαιτούσῃ
500 2287 636 2375 χάριτας
654 2288 896 2368 ἀποδώσοντες,
914 2289 1047 2372 παῖδας,

16 2396 119 2474 ’θύσεις
143 2393 231 2461 είσὶν
249 2394 345 2479 ὑμῶν
364 2397 412 2460 ἐτι
433 2397 560 2479 νήπιοι,
581 2392 637 2460 καὶ
659 2395 801 2478 γαμετάς
822 2405 982 2478 γυναῖκας
1005 2394 1047 2460 οὐ
1060 2412 1088 2452 2⁰

33 2504 268 2587 περιοψόμενοι
290 2507 416 2568 παθεῖν
434 2502 518 2586 πρὸς
536 2500 670 2586 ἐχθρῶν
689 2500 862 2585 ἀνήκεστα,
885 2500 1047 2586 γηραιούς

33 2631 64 2672 τε
97 2606 243 2694 πατέρας
278 2608 338 2672 τὸν
370 2606 486 2690 ὀλίγον
519 2609 566 2672 ἐτι
597 2609 722 2692 χρόνον
757 2608 895 2691 ήδιστον
927 2610 1047 2691 βιῶναι

34 2714 347 2800 παρασκευάσοντες.
390 2709 416 2777 ώ
444 2712 600 2797 μακάριοι
626 2712 703 2797 με’ν,
733 2707 783 2791 οἷς
807 2712 850 2778 ἀν
873 2711 1081 2798 ἐκγένηταιβ

35 2821 88 2885 τὸν
111 2820 148 2886 ἐκ
170 2821 271 2886 τοῦδε
293 2826 356 2885 τοῦ
377 2817 525 2903 πολέμου
543 2820 715 2904 θρίαμβον
733 2831 943 2904 καταγαγεῖν,
966 2821 1048 2887 ὑπο-

36 2927 220 3012 δεχομένων
249 2926 336 3011 ύμᾶς
363 2922 490 2990 τέκνων
517 2923 572 2991 καὶ
599 2937 770 3009 γυναικῶν
797 2926 852 2993 καὶ
879 2928 1047 3013 πατέρων·
1061 2945 1088 2987 2⁵

37 3033 175 3111 εὐκλεεῖς
208 3029 246 3097 δὲ
278 3029 332 3097 καί
368 3029 506 3116 ζηλωτοὶ
537 3041 595 3116 τῆς
626 3032 744 3117 ἀρετῆς
778 3034 813 3098 οἱ
841 3034 882 3097 τά
914 3035 1048 3118 σώματα

38 3196 117 3313 ΑΒλ)2
136 3187 409 3331 ἀιοάἀάἀάύνσᾞινά)
427 3241 463 3314 *ὁ
482 3183 1048 3325 ἀυάἱέεξὶἀδλοάἀίωάἀυάικαύστάιέράίττῗδ

38 3331 235 3403 διαφθαρῆναι
259 3330 281 3385 Ο
324 3331 541 3401 διαφορηθῆναι
564 3330 688 3398 Smtems
711 3332 772 3386 Em.
791 3333 817 3385 Π
837 3338 870 3386 10
964 3340 996 3388 15
1016 3331 1048 3389 ἐν

39 3401 99 3458 αδδ.
115 3402 221 3458 Reiske
305 3408 337 3456 18
356 3401 472 3472 ἡμᾶςΑ
548 3408 581 3456 21
601 3402 777 3477 γηρ<αι>οάς
794 3403 842 3457 Bb
916 3411 950 3458 23
971 3401 1050 3475 ἐγγέ-

40 3475 156 3540 νήταιΟ
195 3469 345 3543 ἐκγένηται
362 3473 464 3527 Portus

89 3573 185 3612 mom.
199 3572 264 3612 HAn.
278 3571 311 3612 11.
333 3581 372 3613 πο.
386 3572 488 3613 διεοεε.
853 3567 887 3616 18
