2394 3912
139 171 205 236 344
569 172 733 268 .-⁵·

139 328 316 417 Ἀντέμνας
333 336 621 419 κληρουχήσαντες
638 331 694 398 καλ
711 332 998 418 Κρουστομέρειαν
1012 329 1059 396 καὶ
1072 336 1145 396 Με-

142 441 299 506 δύλλειαν
327 439 383 505 καὶ
409 441 562 523 Φιδήνην
589 437 645 504 καλ
673 440 770 504 άλλοι
793 440 920 523 συχνοί.
964 441 997 502 τί
1014 439 1068 523 γάρ
1094 439 1148 502 δεῖ

141 548 269 625 πάντας
295 546 552 634 ἐξαριθμεῖσθαι
580 548 673 629 νυνί,
703 545 763 623 οὑς
790 545 885 630 ὑμεῖς
907 545 944 610 ἐκ
964 547 1147 630 πολιορκίας

142 653 370 739 κρατηθέντας
392 656 532 740 μετρίως
554 653 797 738 ἐνουθετήσατε
815 650 871 718 καὶ
889 657 1069 730 πολιτικώς;
1092 648 1149 715 καὶ

121 761 208 826 τούκ
228 755 303 826 ἔσθ’
325 760 414 836 ὅπως
436 758 456 842 ή
480 759 639 836 κινδυνός
657 782 707 836 τις
726 759 782 824 διὰ
800 767 903 824 ταῦτα
923 745 1071 841 κατέλαβε
1088 759 1148 840 τὴν

142 870 242 933 πόλιν
270 865 290 949 ή
322 869 441 949 ψόγος,
469 860 542 930 ἀλλ’
569 865 754 930 ἐπαινεῖταί
777 889 811 930 τε
839 865 935 949 ὑμῶν
961 867 998 930 τὸ
1020 861 1150 940 ἐπιεικὲς

110 971 202 1042 3καὶ
234 969 334 1038 οὐδὲν
365 953 549 1055 ἠλάττωται
576 980 636 1036 τοῦ
664 971 845 1056 ἀσφαλοῦς.
893 974 1003 1036 έπειτα
1031 970 1064 1034 οί
1087 980 1150 1034 τών

145 1081 314 1163 πολεμίων
342 1080 538 1163 φειδόμενοι
565 1089 636 1156 τοῖς
663 1080 776 1162 φίλοις
801 1081 1018 1162 πολεμήσετε,
1045 1075 1097 1142 καλ
1123 1077 1186 1141 οδε

147 1189 187 1251 τά
214 1185 388 1270 ὑποχείρια
415 1188 579 1268 γενόμενα
602 1183 774 1268 μεθιέντες
797 1185 917 1269 ἀζήμια
939 1187 1018 1261 τοὺς
1040 1200 1152 1266 συγκα-

109 1319 135 1357 ιο
144 1291 413 1377 τακτησαμένους
434 1292 511 1376 ὑμῖν
530 1292 591 1375 τήν
611 1291 717 1377 άρχήν
734 1292 922 1374 ζημιώσετε,
941 1294 1038 1356 πόλιν
1051 1313 1085 1354 τε
1099 1290 1153 1371 τήν

145 1399 257 1465 αὐτῶν
280 1399 375 1483 ὑμῶν
397 1395 599 1485 παρέχοντες
621 1398 723 1462 ἅπασι
745 1409 815 1475 τοῖς
838 1383 1011 1483 δεομένοις
1030 1396 1155 1480 ἀσφαλή

145 1509 354 1590 καταφυγήν,
376 1505 498 1588 ταύτης
519 1504 718 1570 ἀπελαύνειν
742 1506 949 1589 ὑπομενεῖτε·
964 1507 1044 1581 τοὺς
1065 1503 1156 1567 αὐθι-

145 1622 270 1700 γενεῖς,
298 1603 350 1689 Ιοἷς
377 1608 432 1677 καὶ
461 1612 690 1697 συνετράφητε
717 1609 772 1676 καὶ
796 1611 1083 1693 συνεπαιδεύθητε
1109 1606 1157 1673 καὶ

146 1724 280 1783 πολλῶν
305 1718 546 1801 ἐκοινωνήσατε
569 1727 680 1782 κακῶν
703 1741 738 1782 τε
756 1715 812 1782 καὶ
831 1717 972 1800 άχαθών
993 1715 1031 1782 έν
1048 1717 1156 1801 εἰρήνη

112 1847 138 1887 15
147 1847 182 1890 τε
206 1822 259 1888 καὶ
285 1825 368 1888 κατὰ
390 1821 570 1908 πολέμους;
600 1824 677 1904 οὐκ,
706 1822 766 1889 έδιν
788 1823 828 1902 τά
850 1847 889 1906 ηε
913 1820 1103 1888 δίκαιακαὶ
1125 1823 1158 1886 τὰ

147 1932 359 2016 προσήκοντα
388 1941 458 2007 τοῖς
487 1927 658 2016 ὑμετέροις
688 1933 782 1995 ἔθεσι
810 1931 983 2013 βούλησθε
1010 1931 1158 2014 πράττειν

147 2035 203 2102 καὶ
230 2034 330 2123 χωρὶς
355 2036 456 2120 ὀργῆς
479 2039 612 2122 κρίνητε
627 2033 672 2101 Ιτὸ
696 2035 879 2122 συμφέρον.
1012 2027 1026 2118 ’,

216 2142 300 2209 LVI.
329 2137 415 2208 Ἀλλ’
438 2142 489 2208 ὅτι
516 2139 578 2226 μὲν
605 2145 656 2208 δεῖ
678 2143 930 2208 καταλύσασθαι
953 2143 1014 2226 τήν
1037 2142 1158 2223 στάσιν,

149 2257 236 2316 είποι
264 2273 313 2326 τις
336 2251 393 2332 άν,
422 2249 491 2333 οὐχ
507 2244 607 2332 ήττον
630 2249 723 2333 ἡμεῖς
746 2236 936 2334 ἐγνώκαμεν
960 2247 1016 2314 καὶ
1037 2249 1160 2330 πολλήν

114 2381 140 2420 εο
149 2359 387 2444 παρεσχήμεθα
419 2359 628 2441 προθυμίαν·
669 2366 739 2432 πῶς
769 2351 801 2420 δ’
828 2355 869 2420 άν
901 2350 1157 2439 καταλυσαίμεθ’

151 2464 271 2547 αὐτήν,
296 2471 396 2527 τοῦτο
420 2472 523 2548 πειρῶ
546 2459 666 2546 λέγειν.
713 2460 794 2548 ὁρᾷς
816 2462 895 2548 γάρ,
924 2463 985 2545 ὅση
1009 2459 1088 2547 περὶ
1110 2463 1160 2525 τὸν

152 2571 260 2654 δήμόν
284 2568 376 2633 ἐστιν
400 2567 575 2651 αὐθάδεια,
600 2567 637 2644 ὃς
656 2568 732 2632 ούτε
751 2566 870 2652 πέμπει
888 2569 971 2653 πρὸς
987 2568 1076 2654 ἡμᾶς
1093 2565 1161 2650 περὶ

152 2676 338 2742 διαλύσεων
361 2674 460 2750 αὐτὸς
483 2673 609 2739 άδικών
633 2675 710 2740 ούτε
733 2684 802 2751 τοῖς
824 2669 885 2758 ὑφ’
906 2674 1001 2759 ήμῶν
1025 2673 1161 2739 ἀποστα-

152 2787 258 2847 λεῖσιν
287 2781 498 2866 ἀποκρίνεται
525 2782 696 2858 πολιτικάς
720 2778 775 2846 καὶ
799 2781 1066 2866 φιλανθρώπους
1086 2781 1188 2846 ἀπο-11

116 2910 142 2952 ετ
152 2890 287 2974 κρίσεις,
303 2881 375 2952 ἀλλ’
392 2886 602 2974 ὑπερηφανεῖ
613 2885 668 2954 καὶ
683 2885 820 2970 ἀπειλεῖ,
834 2886 890 2952 καὶ
904 2888 1033 2954 εἰκάσαι
1047 2887 1162 2975 ῥᾴδιον

225 3097 419 3152 1Μεδύλλιυν
438 3098 491 3151 ΑΒ
581 3102 597 3151 6
618 3094 682 3151 ἔσθ’
704 3096 758 3152 del.
783 3096 872 3152 Cobet
890 3097 955 3152 Obs.
974 3115 1001 3166 p.
1023 3103 1077 3152 122
1106 3103 1109 3167 Ι
1131 3120 1164 3162 τις

153 3169 216 3222 add.
236 3169 259 3220 B
351 3174 366 3222 9
388 3170 452 3231 τοὺς
476 3165 526 3223 οὑν
550 3166 814 3238 καταστησαμένους
832 3169 854 3221 Β
947 3174 979 3222 10
999 3168 1095 3238 ἀρχὴν
1107 3171 1164 3224 ..Β

154 3245 186 3292 12
208 3235 239 3292 ἐκ
257 3238 360 3307 ταύτης
378 3255 400 3295 ο.
421 3237 509 3294 Cobet
527 3239 545 3293 ].
565 3239 583 3294 l.
610 3242 614 3312 l
639 3238 790 3309 ὑπομόυιτε
809 3240 856 3293 Ba
929 3245 962 3295 16
981 3238 1164 3314 ήμετέροιςλ

154 3359 296 3430 ὑμετέροις
315 3362 337 3414 Β
395 3369 429 3419 20
448 3361 671 3456 καταλυσαίμεθ’
690 3406 718 3420 ..
738 3365 789 3433 τήν
808 3364 855 3417 Ba
887 3333 1165 3434 καταλυσαίμεθοτιαίυ

154 3448 206 3495 την
224 3431 271 3482 Bb
344 3437 377 3486 22
397 3452 494 3489 οοουτε
512 3435 559 3488 Ba
595 3453 699 3494 ωσουτε
718 3435 766 3490 Bb
