2400 3912
448 231 612 280 -Ε-
976 227 1038 293 157

41 389 110 471 ρεδιν
139 384 192 452 καλ
224 387 325 466 αὐτὸς
357 388 454 455 πέντε
483 391 628 455 τάλαντα
656 394 880 475 προστίθησιν
909 390 945 456 ἐκ
971 401 1039 457 τῶν

41 496 132 560 ίδίων.
180 496 365 581 Ταρκύνιος
397 493 459 581 μὲν
490 496 531 579 δη
558 498 765 574 Κολλατῖνος
791 497 927 582 τοιαύτη
956 498 1074 584 τύχη3

18 602 211 687 ιιπεριπεσὼν
241 604 288 680 είς
310 604 499 668 Λαουίνιον
526 601 630 690 ᾤχετο
657 604 720 687 τὴν
747 604 951 687 μητρόπολιν
978 612 1040 668 τοῦ

39 711 181 774 Λατίνων
203 708 334 791 γένους,
358 707 396 774 ἐν
418 699 439 793 ᾖ
458 711 597 795 γηραιὸς
615 709 779 775 ἐτελεύτα·
802 709 820 775 δ
841 704 877 774 δὲ
891 713 1041 794 Βροῦτος

40 813 90 878 οὐκ
111 813 216 892 ἀξιῶν·
233 816 337 899 μόνος
359 815 474 900 άρχειν
498 810 573 878 οὐδ’
591 816 638 890 είς
655 813 820 881 ὑπόνοιαν
838 813 952 880 ἐλθείν
970 825 1067 893 τολςῠ

39 923 182 1001 πολίταις,
203 920 254 985 ὅτι
273 924 456 1006 μοναρχίας
473 919 636 1006 ὑπαχθεὶς
653 923 751 1009 πόθφ
769 923 829 987 τὸν
848 922 1041 988 συνύπατον

40 1026 181 1110 ἐξήλασεν
211 1025 248 1093 ἐκ
274 1035 333 1111 τῆς
355 1028 529 1112 πατρίδος,
557 1025 698 1104 καλέσας
719 1028 779 1092 τὸν
803 1028 910 1112 δῆμον
933 1030 980 1106 είς
1002 1029 1040 1095 τδ

39 1135 151 1217 πεδίον,
175 1135 263 1200 ἔνθα
287 1134 435 1217 σύνηθες
457 1133 571 1211 αὐτοῖς
593 1128 637 1216 ἦν
658 1134 737 1212 τούς
759 1155 794 1198 τε
816 1136 964 1218 βασιλεῖς
986 1132 1041 1200 καὶ

39 1242 85 1316 τὰς
105 1241 207 1316 άλλως
230 1239 332 1324 ἀρχὰς
350 1240 563 1323 καθιστάναι,
586 1240 796 1324 συνάρχοντα
819 1240 958 1324 αἱρεῖται
974 1243 1041 1306 Πό-

38 1351 122 1411 πλιον
146 1345 351 1432 Οὐαλέριον,
380 1345 565 1430 ἀπόγονον,
594 1346 640 1423 ὡς
666 1343 721 1410 καὶ
747 1348 912 1431 πρότερον
935 1341 1040 1430 εἶπον,
1057 1361 1082 1400 1⁰

39 1461 87 1517 τοῦ
99 1455 253 1537 Σαβίνου
269 1452 469 1537 Οὐαλερίου,
493 1453 600 1538 άνδρα
622 1456 757 1517 πολλῶν
775 1448 837 1536 μὲν
856 1449 912 1516 καί
931 1453 1041 1517 άλλων

39 1557 295 1644 ἐπιτηδευμάτων
319 1561 418 1644 χάριν
441 1557 656 1625 ἐπαινεῖσθαί
674 1582 709 1624 τε
731 1555 788 1624 καὶ
810 1558 1042 1642 θαυμάζεσθαι

39 1663 131 1749 ὐξιον,
154 1667 300 1750 μάλιστα
320 1663 357 1731 δέ
374 1675 433 1750 τῆς
453 1665 649 1750 αὐταρκείας
661 1675 723 1732 τοῦ
739 1667 824 1747 βίου.
857 1667 1042 1750 φιλοσοφία

38 1772 89 1856 γάρ
113 1797 162 1850 τις
192 1774 433 1850 αὐτοδίδακτος
456 1771 587 1856 ἐγένετο
610 1770 685 1856 περὶ
705 1771 822 1854 αὐτόν,
846 1771 889 1854 ἣν
908 1770 946 1836 ἐν
964 1775 1043 1836 πολ-

37 1881 96 1955 λοῖς
108 1877 304 1958 ἀπεδείξατο
317 1878 520 1963 πράγμασιν,
535 1873 619 1961 ὑπὲρ
634 1871 682 1942 ὧν
693 1876 807 1959 ὀλίγον
816 1876 959 1962 ὕστερον
969 1877 1042 1962 ἐρῶ.
1058 1890 1082 1932 1⁵

91 1985 180 2052 XIII.
220 1987 318 2051 Μετὰ
349 1981 439 2050 τοῦτ’
466 1985 531 2068 ἤδη
564 1992 623 2070 μιᾷ
655 1983 771 2069 γνώμη
803 1981 879 2068 περὶ
908 1983 1043 2049 πάντων

36 2092 190 2176 χρώμενοι
214 2094 293 2169 τοὺς
316 2088 378 2176 μέν
402 2089 456 2157 ἐπὶ
479 2099 519 2176 τῇ
538 2091 675 2178 καθόδφ
695 2099 763 2154 τῶν
781 2089 945 2173 φυγάδων
964 2106 1044 2155 συν-

15 2198 257 2283 λλομοσαμένους
280 2199 428 2275 ἅπαντας
452 2194 647 2262 ἀπέκτειναν
669 2204 883 2282 παραχρῆμα,
906 2193 1044 2261 καὶτὸν

37 2306 222 2386 μηνύσαντα
249 2305 312 2389 την
340 2306 557 2388 συνωμοσίαν
585 2305 710 2368 δοῦλον
733 2301 908 2389 ἐλευθερία
931 2323 966 2366 τε
989 2299 1044 2366 καί

37 2415 193 2489 πολιτείας
231 2412 406 2497 μεταδόσει
442 2406 498 2475 καὶ
534 2412 679 2495 χρήμασι
710 2413 845 2485 πολλοῖς
877 2406 1043 2492 ἐτίμησαν.
1058 2423 1084 2464 2⁰

37 2519 135 2582 ἔπειτα
165 2522 244 2604 τρία
276 2519 498 2602 πολιτεύματα
529 2518 688 2583 κάλλιστα
717 2513 769 2581 καί
800 2515 1044 2600 συμφορώτατα

37 2632 74 2710 τῷ
96 2633 198 2713 κοινῷ
224 2625 510 2709 καταστησάμενοι
533 2625 613 2701 τούς
634 2621 663 2687 τ’
686 2621 723 2688 ἐν
745 2631 785 2706 τῇ
808 2624 902 2687 πόλει
920 2622 1057 2722 πάνταςι

39 2728 187 2812 ὁμονοεῖν
214 2732 468 2819 παρεσκεύασαν
487 2728 551 2797 καλ
574 2732 632 2807 τὰς
654 2741 722 2795 τῶν
744 2728 878 2814 ἐχθρῶν
902 2727 1046 2815 ἑταιρίας

39 2834 202 2919 ἐμείωσαν.
240 2833 283 2922 ἦν
308 2834 345 2903 δὲ
367 2839 408 2902 τδι
429 2837 651 2920 πολιτεύματα
673 2846 740 2900 τῶν
763 2834 898 2920 ἀνδρῶν
921 2836 1080 2901 τοιάδε·2

38 2955 160 3028 πρῶτον
190 2941 253 3030 μὲν
280 2945 316 3010 ἐκ
338 2955 407 3010 τῶν
434 2945 623 3029 δημοτικῶν
649 2944 729 3019 τοὺς
755 2944 952 3027 κρατίστους
978 2941 1045 3008 ἐπι-
1059 2959 1086 3000 ιο

100 3141 116 3190 5
136 3135 274 3200 είςελθεῑν
293 3138 316 3191 Β
389 3142 405 3191 8
425 3136 549 3206 σύνηθες
571 3129 607 3204 ἦν
630 3135 726 3198 αὐτούς
744 3133 767 3188 0
785 3133 939 3205 praeterB
1012 3138 1046 3187 10

40 3206 188 3277 Οὐαλέριον
207 3209 412 3265 σννυπατεύειν
432 3208 454 3263 O
473 3209 586 3278 praeter
603 3205 626 3258 B
682 3213 714 3260 11
734 3207 867 3280 Σαβίνων
883 3205 1046 3273 Οὐαλερίων

39 3277 60 3329 A
92 3281 219 3351 Σαβίνου
245 3279 445 3350 ΟὐαλερίουΒ
483 3276 563 3333 εἶπόν
586 3297 662 3340 τινος
683 3285 739 3332 τῶν
763 3275 822 3348 ἅμα
843 3276 934 3348 Τατίφ
954 3295 1048 3346 παρα-

39 3349 197 3475 δὶλδλξζῗέε
209 3350 370 3491 Q
389 3350 703 3488 Σῖβίνλῖιῗίοίλσδῦ
715 3349 881 3474 &W
900 3346 1047 3474 Οἳέὐίῖί

40 3497 140 3546 κτεῖναι
153 3491 200 3547 Ba
255 3501 287 3549 19
307 3489 493 3562 ἐλεοθερίαΒ
549 3438 751 3560 ἐλευθερίαξδδ
805 3497 840 3544 23
859 3483 982 3560 ἕτερείας
999 3489 1047 3542 Ba
