2384 3902
451 205 614 254 -Ε-
976 201 1040 266 257

31 371 109 447 γοῦν
141 361 178 429 έκ
206 371 265 447 τῆς
293 363 442 449 ἱστορίας
468 366 734 449 παρειλήφαμεν,
767 363 804 440 ὃς
833 363 874 429 οὐ
901 365 1041 449 μετρίως
1131 378 1133 384 ’

33 470 108 553 αὐτῇ
131 467 188 534 καὶ
205 473 383 547 πολιτικῶς
401 469 573 556 ἐχρήσατο,
596 472 754 548 πολλάκις
772 470 1041 555 ἀναγκασθείσης

31 585 83 660 της
109 578 239 653 πόλεως
262 581 446 642 καταλῦσαι
467 578 526 654 τὰς
548 579 711 662 νομίμους
733 577 834 663 ἀρχάς
856 574 912 643 καὶ
933 577 1041 642 πάντα

30 689 161 764 ποιησαι
193 682 234 745 τά
265 682 442 768 πράγματα
473 677 533 766 ὑφ’
559 680 618 747 ἑνί.
663 680 719 748 καὶ
751 684 783 748 εί
812 679 873 768 μέν
905 681 943 748 έν
971 685 1078 759 τοϊς3

31 789 175 865 ὀθνείοις
211 785 370 873 πολέμοις
401 791 509 873 μόνον
540 783 626 872 ησαυ
659 787 695 854 ολ
723 788 948 874 λαμβάνοντες
979 789 1069 873 τηυο

32 896 240 981 δικτατορίαν
277 892 403 978 ἀγαθοὶ
439 894 621 980 προστάται
652 902 711 978 της
741 895 901 980 πατρίδος
932 891 1042 980 μηθὲν

30 1002 90 1066 ὑπὸ
112 1011 175 1066 τοῦ
199 998 367 1084 μεγέθους
389 1007 445 1083 τῆς
463 999 566 1085 ἀρχῆς
585 1000 862 1086 διαφθειρόμενοι
880 995 980 1083 ἦττον
1000 999 1042 1066 ἀν

30 1108 223 1191 θαυμαστὸν
251 1101 308 1190 ην·
342 1114 409 1171 νῦν
437 1102 475 1171 δὲ
502 1103 558 1171 καὶ
585 1105 622 1171 έν
649 1116 722 1183 ταῖς
749 1104 924 1190 ἐμφυλίοις
952 1107 1042 1191 διχο-

31 1217 174 1290 στασίαις
207 1217 346 1288 πολλοῖς
383 1209 439 1277 καὶ
476 1212 633 1296 μεγάλαις
669 1209 865 1297 γενομέναις
900 1210 955 1277 καὶ
987 1211 1041 1278 έπδ

31 1319 202 1384 καταλύσει
231 1320 411 1401 βασιλειῶν
437 1315 494 1383 καὶ
519 1317 732 1403 τυραννίδων
759 1316 1040 1402 ὑποπτευομένων
1056 1338 1082 1378 ιο

31 1423 80 1489 καὶ
106 1423 155 1490 ἐπ’
179 1426 293 1490 ἀλλων
321 1435 506 1509 συμφορῶν
530 1425 673 1490 κωλύσει
696 1425 826 1509 μυρίων
849 1424 939 1489 ὅσων
963 1424 1041 1508 <οί>

32 1533 223 1616 τηλικαύτης
257 1533 413 1616 τυχόντες
444 1529 596 1608 ἐξουσίας
627 1531 769 1608 ἅπαντες
800 1529 1042 1614 ἀνεπιλήπτους

32 1636 80 1701 καδ
110 1647 156 1726 τῷ
191 1637 311 1725 πρώτῳ
345 1638 483 1719 λαβόντι
514 1636 577 1720 την
605 1635 711 1722 ἀρχὴν
739 1635 876 1721 ὁμοίους
903 1634 1042 1713 ἑαυτοὺς

33 1743 207 1830 παρέσχον·
244 1739 330 1808 ὥσθ’
358 1743 460 1807 ἅπασι
486 1750 695 1829 παραστῆναι
717 1743 779 1826 την
802 1742 906 1826 αὐτὴν
930 1741 1042 1826 δόξαν,

34 1849 77 1914 ότι
111 1854 172 1936 μία
209 1852 352 1935 βοήθεια
387 1850 512 1926 παντός
548 1847 639 1914 ἐστιν
674 1848 813 1914 ἀνιάτου
849 1858 954 1915 κακοῦ
988 1848 1042 1916 καὶ
1059 1868 1084 1909 1⁵

33 1960 216 2035 τελευταίας
239 1957 405 2042 σωτηρίας
427 1954 533 2038 έλπίς,
558 1955 639 2020 ὅταν
662 1954 897 2042 ἀπορραγῶσιν
920 1955 1044 2022 ἅπασαι

14 2063 83 2128 14διά
112 2063 252 2150 καιρούς
283 2085 393 2146 τινας,
425 2061 446 2145 ἡ
477 2069 539 2126 τοῦ
567 2061 760 2147 δικτάτορος
788 2061 880 2147 ἀρχή.
926 2060 980 2128 έπὶ
1008 2059 1044 2128 δὲ

34 2177 83 2251 της
109 2169 194 2236 κατὰ
221 2171 300 2246 τοὺς
326 2167 470 2253 πατέρας
497 2167 592 2252 ἡμῶν
618 2167 747 2252 ἡλικίας
770 2167 855 2253 ὁμοῦ
877 2190 909 2232 τι
931 2171 1080 2254 τετρα-4

35 2277 149 2340 κοσίων
185 2273 433 2358 διαγενομένων
466 2272 550 2339 έτῶν
582 2273 647 2338 ἀπὸ
676 2283 735 2358 της
764 2276 864 2338 Τίτου
892 2277 1044 2358 Λαρκίου

36 2380 237 2466 δικτατορίας
265 2381 428 2465 διεβλήθη
456 2377 512 2445 καὶ
539 2380 679 2464 μισητὸν
702 2379 825 2444 ἀπασιν
849 2378 1043 2465 ἀνθρώποις
1057 2400 1085 2440 2⁰

36 2484 132 2570 ἐφάνη
167 2486 206 2550 τδ
237 2495 373 2571 πρᾶγμα
405 2487 552 2552 Λευκίου
583 2487 776 2571 Κορνηλίου
807 2487 924 2551 Σύλλα
955 2488 1044 2573 πρω-

34 2613 86 2656 του
116 2590 174 2658 καὶ
207 2595 314 2678 μόνου
345 2601 471 2678 πικρῶς
500 2591 583 2677 αὐτῇ
610 2589 666 2658 καὶ
694 2591 791 2678 ὠμῶς
817 2592 1044 2678 χρησαμένου·

37 2697 110 2764 ὥστε
132 2702 208 2765 τότε
231 2708 366 2784 πρῶτον
390 2695 573 2763 αἰσθέσθαι
589 2693 787 2783 Ῥωμαίους,
816 2697 833 2764 δ
856 2701 917 2765 τὸν
940 2702 1044 2768 ἀλλον

37 2802 156 2871 ἅπαντα
188 2807 314 2891 χρόνον
345 2804 509 2888 ἠγνόουν,
542 2804 594 2868 ὅτι
624 2806 783 2890 τυραννίς
815 2803 905 2872 έστιυ
935 2807 956 2891 ἡ
984 2819 1046 2875 τοῦ

38 2908 338 2998 δικτάτοροςάρχη.
375 2912 503 2994 βουλήν
525 2933 561 2977 τε
582 2911 647 2998 γδιρ
670 2909 707 2976 έκ
729 2921 796 2977 τῶν
820 2897 1085 3011 ἐπιτυχόντωνζζ)5

38 3011 220 3101 ἀνθρώπων
244 3013 426 3100 συνέστησε
449 3014 504 3082 καί
523 3018 561 3081 τὸ
580 3025 638 3102 τῆς
658 3018 841 3103 δημαρχίας
858 3020 978 3105 κράτος
996 3024 1044 3100 είς

18 3279 21 3288 ·
101 3239 184 3315 4,έφ’
202 3238 245 3299 ἕνδ
264 3261 287 3299 ο.
307 3242 396 3298 Cobet
414 3243 480 3298 Obs.
499 3263 526 3315 p.
549 3251 598 3300 10⁷
692 3252 722 3300 11
743 3245 861 3301 κωλύσει
879 3246 956 3303 ABb
992 3269 1045 3304 κα-

41 3311 123 3368 λοόσει
140 3315 186 3369 Ba
202 3318 207 3384 1
223 3313 253 3369 ολ
265 3315 330 3369 add.
345 3313 449 3369 Reiske
506 3321 538 3370 14
556 3314 729 3387 παρέσχοντο
746 3319 768 3374 0
788 3333 857 3372 corr.
873 3315 962 3373 cobet
977 3320 1044 3377 Obs.

41 3391 127 3447 p.107
218 3392 251 3442 16
271 3387 433 3448 τελευταίας
450 3384 503 3438 ΑΒ
529 3390 533 3454 Ι
558 3385 627 3442 ὅταν
650 3385 683 3442 αί
699 3387 781 3444 ἀλλαι
800 3389 1001 3461 ἀπορραγῶσιν
1021 3411 1044 3449 ο.

43 3450 131 3522 Pflugk
203 3462 237 3510 26
257 3455 318 3519 *είς
337 3451 523 3525 έλάχιοτονΟ

86 3553 181 3596 mom.
195 3556 259 3595 Ηιω.
273 3555 305 3596 Π,
327 3565 365 3594 το.
380 3555 481 3596 θεοοετ.
850 3554 883 3603 17
