2400 3912
133 182 197 246 104
558 184 722 232 -A-

96 347 116 408 3
132 353 219 428 τρεῖς
242 341 402 426 ἐνέγκασα
425 343 462 407 τὸ
483 348 559 407 ίσον
577 341 649 428 ᾔτει
666 344 815 426 χρυσίον.
852 339 1029 424 θαυμάσας
1048 339 1086 420 δὴ
1101 340 1130 403 τὸ

132 450 284 534 βούλημα
306 459 364 533 τῆς
381 450 540 533 γυναικὸς
559 448 577 514 ὁ
598 448 783 533 Ταρκύνιος
800 449 879 523 τοὺς
897 446 1130 520 οἰωνοσκόπους

130 554 357 641 μετεπέμψατο
384 553 439 620 καὶ
468 555 713 639 διηγησάμενος
741 553 854 629 αὐτοῖς
876 554 913 616 τὸ
936 561 1084 638 πρᾶγμα,
1108 553 1132 614 τί

130 663 192 747 χρη
230 662 401 746 πράττειν,
439 662 546 746 ἤρετο.
596 660 744 745 κάκεῖνοι
777 659 833 723 διά
864 661 1013 743 σημείων
1045 667 1131 722 τινῶν
1184 696 1185 699 =

104 773 307 853 1νμαθόντες,
331 768 381 832 ότι
404 770 616 852 θεόπεμπτον
639 767 771 849 ἀγαθὸν
789 765 995 851 ἀπεστράφη,
1020 761 1074 829 καὶ
1090 787 1131 848 με-
1184 854 1185 857 ¹

130 876 237 958 γάλην
261 875 440 959 συμφοράν
459 873 703 958 ἀποφαίνοντες
721 874 759 937 τὸ
778 874 822 956 μὴ
842 872 949 948 πάσας
967 871 1072 936 αὐτὸν
1088 872 1133 946 τάς
1184 898 1185 925 1

131 982 277 1064 βύβλους
299 982 474 1064 πρίασθαι,
498 978 676 1046 ἐκέλευσαν
699 979 930 1063 ἀπαριθμῆσαι
951 986 991 1062 τῇ
1013 975 1133 1060 γυναικὶ

131 1087 168 1149 τὸ
196 1088 352 1171 χρυσίον,
382 1087 463 1152 ὅσον
491 1085 563 1172 ᾔτει
590 1083 645 1151 καὶ
672 1088 751 1163 τοὺς
773 1088 949 1171 περιόντας
973 1095 1042 1149 τῶν
1068 1108 1132 1168 χρη·
1184 1156 1185 1159 ¹

96 1195 227 1276 4σμῶν
250 1195 374 1276 λαβεῖν.
406 1193 427 1277 ἡ
450 1191 512 1278 μὲν
536 1189 598 1258 οὖν
621 1193 707 1276 γυνὴ
726 1193 783 1268 τάς
800 1193 947 1275 βύβλους
967 1192 1074 1257 δοῦσα
1090 1188 1133 1255 καὶ
1184 1190 1185 1207 ²

93 1319 118 1355 10
133 1298 289 1383 φράσασα
325 1311 439 1385 τηρεῖν
477 1299 637 1383 ἐπιμελῶς
668 1298 701 1376 ἐξ
734 1298 925 1381 ἀνθρώπων
958 1297 1132 1380 ἠφανίσθη,

136 1405 321 1490 Ταρκύνιος
348 1401 385 1469 δὲ
412 1415 480 1470 τῶν
504 1405 613 1469 ἀστῶν
636 1405 762 1489 ἀνδρας
785 1403 958 1487 ἐπιφανεῖς
981 1403 1045 1467 δύο
1068 1424 1131 1486 προ·
1183 1417 1184 1420 ’

131 1511 360 1596 χειρισάμενος
393 1509 448 1575 καὶ
481 1512 663 1595 δημοσίους
696 1511 810 1588 αὐτοῖς
841 1510 1054 1595 θεράποντας
1084 1510 1133 1573 δύο

132 1617 334 1703 παραζεύξας
362 1617 501 1694 ἐκείνοις
528 1616 677 1683 ἀπέδωκε
704 1618 855 1701 τὴντῶν
878 1619 1021 1700 βιβλίων
1044 1620 1134 1701 φυλα-

133 1724 207 1804 κήν,
228 1718 275 1787 ὧν
294 1725 354 1788 τὸν
372 1722 486 1809 ἕτερον
500 1723 644 1807 Μάρκον
656 1719 798 1789 Ἀτίλιον
817 1723 945 1788 ἀδικεῖν
959 1745 991 1786 τι
1008 1721 1167 1800 δόξανταυε

94 1846 119 1886 15
133 1825 209 1913 περὶ
235 1830 297 1913 τὴν
324 1831 445 1895 πύστιν
472 1829 750 1915 καταμηνυθέντα
777 1826 836 1913 ὑφ’
859 1827 934 1906 ἐνὸς
956 1839 1025 1893 τῶν
1048 1830 1135 1912 δημο-

134 1935 233 2016 σίων,
261 1935 306 2012 ὡς
333 1937 560 2020 πατροκτόνον
589 1937 636 2012 είς
664 1934 767 1999 ἀσκὸν
791 1934 938 2020 ἐνράψας
960 1937 1073 2018 βόειον
1094 1937 1136 2018 ἐρ-

98 2041 232 2124 ὀριψεν
256 2043 303 2118 είς
325 2043 361 2106 τὸ
385 2041 535 2125 πέλαγος.
572 2043 653 2126 μετά
672 2039 709 2107 δὲ
726 2042 788 2123 τὴν
806 2039 949 2124 ἐκβολὴν
969 2051 1038 2106 τῶν
1055 2044 1136 2124 βασι-

134 2145 219 2211 λέων
237 2145 258 2230 w}
277 2150 373 2224 πόλις
387 2148 601 2232 ἀναλαβοῦσα
614 2149 676 2231 τὴν
690 2160 757 2213 τῶν
771 2158 929 2233 χρησμῶν
942 2149 1136 2233 προστασίαν

134 2253 259 2338 ἀνδρας
291 2277 336 2318 τε,
352 2256 431 2330 τοὺς
461 2254 742 2338 ἐπιφανεστάτους
770 2254 1009 2319 ἀποδείκνυσιν
1039 2253 1137 2318 αὐτῶν

95 2378 121 2418 ιο
135 2359 301 2442 φύλακας,
336 2363 371 2424 οἳ
396 2361 452 2425 διὰ
479 2363 557 2443 βίου
583 2361 709 2445 ταύτην
736 2363 849 2444 έχουσι
876 2361 938 2443 την
962 2359 1137 2444 ἐπιμέλειαν

135 2476 314 2550 στρατειῶν
345 2463 519 2550 ἀφειμένοι
546 2465 602 2531 καὶ
628 2477 696 2532 τῶν
723 2468 835 2532 ἀλλων
857 2477 924 2532 τῶν
947 2467 1029 2530 κατά
1051 2468 1138 2530 πόλιν

135 2582 381 2655 πραγματειῶν,
414 2570 470 2637 καὶ
498 2574 681 2656 δημοσίους
709 2573 822 2650 αὐτοῖς
849 2575 1136 2658 παρακαθίστησιν,

136 2670 184 2739 ὧν
210 2675 311 2762 χωρὶς
339 2678 400 2743 ούκ
428 2678 591 2764 ἐπιτρέπει
613 2681 671 2756 τάς
694 2678 879 2758 ἐπισκέψεις
901 2689 969 2744 τῶν
992 2687 1137 2765 χρησμῶν

136 2793 207 2859 τοῖς
239 2781 381 2869 ἀνδράσι
413 2791 593 2850 ποιεῖσθαι.
642 2787 818 2851 συνελόντι
850 2780 882 2849 δ’
911 2787 1017 2850 είπεῑν
1049 2781 1137 2850 οὐδὲν

95 2905 120 2947 2⁵
135 2888 223 2954 οὕτω
250 2885 405 2974 Ῥωμαῖοι
437 2891 664 2975 φυλάττουσιν
696 2885 774 2956 οὔθ’
801 2891 897 2956 ὅσιον
929 2900 1036 2977 κτῆμα
1067 2886 1134 2955 οὔθ’

136 2996 228 3082 ἱερὸν
255 2995 300 3072 ὡς
326 2997 366 3059 τά
390 2998 572 3079 Σιβύλλεια
598 2995 762 3081 θέσφατα.
802 3007 947 3081 χρῶνται
972 2994 1003 3061 δ’
1026 2997 1137 3077 αὐτούς,

207 3151 392 3215 6πάνταςΑ
448 3148 627 3209 ’ίέκέλενσεν
646 3152 722 3207 ABb
778 3153 957 3223 9γννὴὴΒ
1015 3150 1138 3222 12θερά-

135 3243 241 3286 κοντας
259 3223 313 3278 del.
334 3223 463 3278 Schnelle
482 3225 579 3280 Exere.
599 3223 659 3279 erit.
674 3242 701 3294 p.
717 3229 751 3279 20
812 3230 845 3278 14
861 3223 1052 3298 Ἆτίλ<ι>ονΒ
1107 3227 1137 3275 15

135 3295 229 3347 πίστιν
244 3294 266 3347 Ο
294 3294 395 3348 πύστιν
410 3311 433 3348 ο.
446 3294 585 3350 ΒάολεεΙοτ
600 3299 604 3365 Ι
621 3296 670 3350 καί
682 3293 882 3367 μηνυθένταΟ
911 3293 1136 3366 καταμηνυθέντα

138 3362 266 3415 Schnelle
284 3362 322 3417 ib.
341 3381 368 3431 p.
385 3369 418 3416 15
491 3372 524 3419 21
545 3367 617 3420 κατά
631 3367 683 3436 τὴν
698 3367 720 3422 Ο
738 3369 889 3437 praeterB
960 3375 994 3423 25
1014 3365 1136 3437 δημόσιον

140 3447 161 3485 c.
181 3430 318 3483 Bfioheler
