2384 3902
460 199 621 249 -ς,

37 355 195 438 νεμεσητά
213 349 300 420 εἶναι
319 354 437 440 λέγων,
458 363 492 422 εί
505 381 594 435 τινες
613 358 806 442 ἐλευθερίας
819 361 1051 444 περιεχόμεναι

37 464 142 538 πόλεις
169 459 226 526 καὶ
254 464 368 548 άρχειν
396 461 476 529 ποτὲ
503 472 674 550 μαθοῦσαι
701 475 760 548 τῆς
786 470 927 543 παλαιάς
955 465 1051 544 ἀξιώ-

37 584 112 644 σεως
136 567 178 632 οὐ
202 571 384 652 μεθίενται.
432 572 463 634 εί
489 566 521 635 δ’
546 571 689 649 ἀνιάτως
711 573 747 637 οί
771 582 839 636 τῶν
863 574 1050 655 κρατίστων

36 671 237 758 ὀρεχθέντες,
262 675 321 741 ἐάν
345 676 550 761 διαμάρτωσι
573 687 630 761 τῆς
649 678 793 761 ἐλπίδος,
818 677 1049 761 ζημιώσονται,

37 777 130 845 οὐδὲν
168 783 308 846 ἔσεσθαι
340 783 378 847 τὸ
410 788 543 848 κωλῦον
575 785 722 862 ἅπαντας
755 784 957 869 ἀνθρώπους
988 779 1076 848 ὑπ’5

36 884 183 972 ἀλλήλων
207 884 431 951 ἀπολωλέναι·
455 896 536 951 πᾶσι
558 890 622 973 γάρ
646 883 733 954 εἶναι
755 889 815 954 τὸν
837 897 895 971 τῆς
915 887 1048 954 ἐλευθε-

36 995 102 1073 ριάς
127 995 243 1058 πόθον
267 995 425 1076 ἔμφυτον.
462 998 574 1082 πολλῷ
598 1017 633 1060 τε
651 998 824 1080 κρείττονα
843 992 898 1060 καὶ
918 997 1085 1078 βεβαιο-4

35 1096 127 1183 τέραν
161 1098 364 1183 ἀποφαίνων
392 1097 512 1184 ἀρχήν,
545 1100 617 1183 ἥτις
643 1100 861 1187 εὐεργεσίαις,
895 1100 978 1166 ἀλλά
1004 1085 1061 1186 μη

36 1207 202 1289 τιμωρίαις
226 1215 361 1288 κρατεῖν
384 1207 540 1287 βούλεται
562 1217 630 1271 τῶν
649 1207 818 1290 ὑπηκόων·
846 1215 885 1292 τῇ
905 1205 967 1292 μὲν
986 1209 1049 1292 γὰρ

37 1311 166 1376 εύνοιαν
198 1311 418 1394 ἀκολουθεῖν,
445 1321 485 1398 τῇ
515 1309 552 1378 δὲ
580 1316 705 1397 φόβον,
737 1312 886 1396 ἀνάγκην
910 1308 941 1376 δ’
963 1306 1049 1378 εἶναι
1064 1331 1092 1370 1⁰

37 1418 161 1499 φύσεως
192 1420 300 1484 πάντα
328 1421 470 1504 μάλιστα
498 1426 670 1504 μισεῖσθαι
697 1421 738 1484 τὰ
766 1419 907 1505 φοβερά·
939 1423 1049 1484 τελευ-

37 1533 95 1588 τών
122 1521 159 1590 δε
190 1535 252 1591 τοῦ
279 1530 383 1610 λόγου
411 1528 677 1611 παραδείγμασιν
707 1525 828 1602 αὐτοὺς
851 1523 947 1608 ἠξίου
970 1533 1048 1610 χρη-

38 1636 111 1694 σθαι
142 1643 216 1708 τοῖς
242 1636 430 1716 κρατίστοις
458 1645 525 1698 τῶν
552 1635 730 1718 προγόνων
759 1635 884 1717 ἔργοις,
918 1625 970 1716 ἐφ’
998 1623 1049 1708 οἷς

38 1735 177 1803 ἐπαίνων
196 1737 381 1824 ἐτύγχανον
401 1740 533 1822 ἐκεῖνοι,
553 1739 785 1824 ἐπιλεγόμενος
804 1739 884 1815 ὅσας
903 1737 1048 1814 ἁλούσας

38 1845 109 1908 κατά
139 1845 263 1930 κράτος
291 1848 405 1923 πόλεις
436 1845 477 1910 ού
504 1846 789 1922 κατασκάπτοντες
817 1840 896 1909 οὐδὲ
919 1843 1049 1927 ἡβηδὸν
1064 1861 1090 1902 15

12 1947 249 2034 εεάναιροῦντες
280 1947 354 2017 οὐδ’
391 1951 760 2037 ἐξανδραποδιζόμενοι,
794 1948 865 2016 ἀλλ’
897 1949 1050 2027 ἀποικίας

38 2064 87 2138 τῆς
105 2051 233 2141 Ῥώμης
255 2068 443 2141 ποιοῦντες,
468 2055 523 2123 καλ
545 2070 618 2134 τοῖς
638 2057 857 2142 βουλομένοις
879 2067 946 2122 τῶν
971 2080 1050 2140 κρα-

38 2161 203 2243 τηθέντων
231 2167 319 2250 παρὰ
349 2167 446 2250 σφίσι
472 2175 639 2230 κατοικεῖν
665 2167 831 2241 πολιτείας
854 2164 1049 2247 μεταδιδόν·

38 2289 95 2350 τες,
123 2270 273 2354 μεγάλην
301 2271 337 2335 ἐκ
364 2279 482 2355 μικράς
509 2269 685 2336 ἐποιοῦντο
709 2271 771 2353 τὴν
793 2272 902 2334 πόλιν.
947 2267 1049 2351 κεφά-

38 2377 124 2440 λαιον
164 2372 197 2439 δ’
234 2375 338 2441 αὐτοῦ
375 2385 433 2459 τῆς
465 2377 599 2461 γνώμης
628 2372 671 2459 ἦν
704 2375 957 2440 ἀνανεώσεσθαι
989 2373 1048 2450 τάς
1061 2393 1090 2432 εο

39 2482 179 2558 σπονδάς
206 2483 290 2566 πρὸς
317 2484 355 2547 τὸ
384 2483 500 2548 κοινὸν
527 2493 594 2547 τών
618 2485 789 2564 Λατίνων,
813 2480 852 2558 ἀς
878 2475 964 2564 ἦσαν
992 2473 1067 2544 πε-’

38 2586 206 2670 ποιημένοι
237 2590 419 2673 πρότερον,
451 2585 507 2652 καὶ
539 2590 681 2672 μηδενὸς
709 2599 776 2653 τῶν
803 2585 1049 2671 ἁμαρτημάτων

39 2694 174 2781 μηδεμιᾷ
196 2695 290 2759 πόλει
314 2704 539 2777 μνησικακεῖν.

97 2799 166 2865 ΧΧ.
194 2803 392 2885 Σερουίλιος
415 2796 452 2864 δὲ
475 2803 679 2877 Σουλπίκιος
701 2797 777 2884 περὶ
800 2796 861 2883 μὲν
883 2807 940 2882 τῆς
959 2799 1049 2883 εἰρή-

39 2927 92 2988 νης
108 2904 164 2972 καὶ
183 2916 240 2990 τῆς
259 2905 475 2984 ἀνανεώσεως
487 2917 556 2972 τῶν
570 2909 727 2973 σπονδῶν
742 2903 845 2972 οὐδὲν
859 2904 1048 2990 ἀντέλεγεν·
1061 2923 1089 2964 2⁵
1176 2987 1180 2994 Ι

104 3106 117 3153 1
143 3097 219 3155 εἶναι
242 3096 330 3168 λέγων
354 3099 376 3151 Β
417 3097 504 3170 λέγων
528 3097 602 3154 εἶναι
625 3099 651 3152 R
740 3105 757 3152 4
781 3098 965 3168 ζημιώσονται
992 3098 1046 3151 ΑΒ

42 3169 295 3238 ζημιώθήσονταιΕ
315 3171 390 3238 quod
409 3187 463 3226 rec.
478 3170 623 3240 Kiessling
677 3176 693 3224 5
712 3167 858 3231 πάνταςΟ
903 3174 933 3223 11
950 3167 1047 3222 πάντα

41 3236 60 3288 B
77 3256 125 3293 om.
144 3243 170 3296 R
207 3241 313 3304 παντὸς
332 3241 476 3310 Kiessling
492 3247 496 3310 1
513 3243 622 3314 φοβερὰ
640 3239 735 3295 πάντα
754 3239 776 3293 O
795 3241 909 3309 praeter
928 3241 950 3293 B
1013 3247 1047 3294 14

42 3306 151 3375 ἁλούσας
171 3311 238 3376 ὅσας
257 3311 279 3366 Ο
300 3329 369 3366 corr.
390 3313 511 3382 Sylburg
580 3321 612 3369 18
632 3309 830 3383 μεταδιδόντες
848 3311 873 3363 A
909 3309 1047 3381 μεταδόν-

42 3381 116 3441 τεςΒ
181 3379 350 3506 19Βίποίονν
369 3401 391 3438 ο.
410 3383 554 3452 Kiessling
621 3391 655 3438 20
674 3383 939 3437 ἀνανεώσασθαιΑ
976 3383 1050 3438 άνα-

43 3451 189 3510 νεώσεσθαι

87 3551 184 3594 θιοιετε.
198 3554 263 3595 Ηετ.
275 3554 308 3594 11.
329 3565 368 3594 m).
382 3553 484 3594 ῖεοοττ.
852 3548 885 3596 19
