2384 3902
137 215 204 279 204
567 216 731 266 —E-

104 379 244 460 2μενοι.
290 375 335 452 ὡς
366 375 430 461 γὰρ
464 375 505 459 δή
537 382 739 460 κρατοῦντες
770 374 834 457 ήδη
862 370 919 438 καὶ
948 375 1022 456 δίχα
1048 374 1145 438 πόνου

138 483 201 567 τήν
219 482 346 566 Ῥώμην
369 481 564 566 αἱρήσοντες
582 480 737 566 <αὐτῶν>
755 481 799 565 μή
819 479 1036 564 βουλομένων
1052 481 1092 544 τὰ
1104 494 1177 544 ace-948

139 592 304 674 λευόμενα
325 598 454 672 ποιεῖν,
485 591 686 674 Ταρκυνίοις
707 610 743 653 τε
766 588 901 653 διδόναι
923 588 984 671 τήν
1005 587 1147 652 κάθοδον

140 694 295 763 ἐκέλευον
326 693 381 761 καὶ
411 703 469 780 τής
495 694 676 781 ἡγεμονίας
702 697 800 780 σφίσι
826 702 1039 780 παραχωρεῖν
1065 698 1147 760 πολε

117 807 233 869 ετείαν
255 826 290 868 τε
313 804 586 886 καταστήσασθαι
608 800 664 868 καὶ
686 805 825 887 νόμους,
848 800 909 879 οὓς
931 800 974 867 δν
993 801 1029 866 οί
1043 824 1147 886 κεκρα-

139 912 275 992 τηκότες
301 908 454 987 τάξωσιν.
500 908 762 997 ἀποκρινάμενοι
790 905 827 974 δὲ
849 918 920 984 τοῖς
942 911 1147 993 πρεσβευταῖς

141 1012 360 1099 ἀπαγγέλλειν
389 1017 474 1101 πρὸς
500 1017 537 1082 τὸ
565 1018 697 1098 κοινόν,
728 1015 780 1080 ὅτι
802 1011 959 1100 Ῥωμαῖοι
985 1015 1148 1080 κελεύουσι

141 1125 313 1205 Σαβίνους
345 1122 430 1188 ὅπλα
461 1117 490 1187 τ’
517 1120 710 1188 ἀποθέσθαι
741 1120 798 1188 καὶ
824 1123 1036 1208 παραδοῦναι
1063 1125 1148 1206 σφίσι

140 1230 199 1306 τὰς
226 1231 340 1305 πόλεις
362 1227 532 1313 ὑπηκόους
553 1223 582 1294 τ’
610 1224 696 1294 εἶναι
718 1229 834 1312 πόλιν,
863 1228 975 1314 ὥσπερ
996 1231 1148 1314 πρότερον

105 1331 244 1420 ιοήσαν,
272 1344 376 1401 ταῦτα
404 1332 441 1401 δὲ
468 1336 672 1419 ποιήσαντας
699 1335 848 1417 [αὐτοὺς]
872 1335 967 1418 ήκειν
988 1337 1063 1402 τότε
1085 1332 1148 1420 περὶ

141 1437 189 1508 ὧν
217 1443 381 1527 ήδίκησαν
409 1441 429 1526 ή
457 1441 668 1525 κατέβλαψαν
696 1443 819 1520 αὐτούς
842 1441 879 1509 ἐν
901 1453 975 1520 ταῖς
996 1444 1148 1528 πρότερον

141 1551 310 1634 εἰσβολαῖς
342 1549 582 1634 δεησομένους,
615 1551 647 1614 εί
674 1551 855 1634 βούλονται
885 1560 1000 1634 τυχεῖν
1028 1550 1149 1635 είρήνης

141 1653 197 1722 καὶ
225 1659 352 1740 φιλίας·
385 1655 445 1722 ἐὰν
477 1652 515 1721 δὲ
543 1657 587 1740 μή
615 1666 737 1722 ποιῶσι
763 1657 804 1722 τὰ
830 1658 1033 1740 κελευόμενα
1059 1669 1149 1741 προσ-

143 1760 302 1848 δέχεσθαι
330 1763 390 1828 τὸν
420 1766 567 1848 πόλεμον
594 1761 717 1846 ήξοντα
745 1761 798 1828 ἐπὶ
825 1763 885 1849 τὰς
910 1765 1025 1840 πόλεις
1051 1761 1150 1828 αὐτῶν

107 1841 206 1966 {eim
232 1871 280 1946 είς
308 1870 446 1956 μακρόν.
491 1877 630 1935 τοιαῦτα
658 1867 890 1954 ἐπιταχθέντες
916 1893 952 1934 τε
974 1866 1031 1935 καὶ
1053 1868 1150 1935 ἐπιτό·

143 1974 258 2054 ξαντες
290 1975 459 2060 ἀλλήλοις,
493 1975 607 2060 ἐπειδη
635 1985 737 2043 πᾶσιν
767 1975 990 2061 ἐξηρτύσαντο
1018 1987 1089 2054 τοῖς
1113 1977 1150 2052 είς

141 2082 202 2148 τὸν
225 2081 339 2165 ἀγῶνα
362 2081 576 2167 ἐπιτηδείοις,
600 2082 718 2167 ἐξῆγον
740 2085 799 2160 τὰς
822 2085 992 2169 δυνάμεις,
1016 2087 1182 2168 Σαβῖνοίοιι

141 2212 177 2255 τε
205 2189 268 2273 τήν
296 2191 477 2275 κρατίστην
507 2188 540 2269 ἐξ
568 2189 697 2274 ἁπάσης
724 2192 852 2266 πόλεως
877 2193 1019 2274 νεότητα
1046 2192 1150 2268 ὅπλοις

142 2295 317 2383 ἐκπρεπέσι
335 2295 586 2381 κεκοσμημένην
604 2296 815 2381 ἐπαγόμενοι,
828 2291 987 2382 Ῥωμαῖοί
997 2321 1033 2363 τε
1051 2307 1151 2364 πᾶσαν

106 2405 204 2488 τοτήν
228 2405 373 2488 δύναμιν
395 2406 457 2489 τήν
479 2427 515 2469 τε
537 2405 621 2470 κατὰ
638 2406 737 2470 πόλιν
755 2402 810 2469 καὶ
828 2405 890 2488 τήν
909 2403 947 2469 ἐν
966 2408 1036 2482 τοῖς
1055 2429 1150 2490 φρου-

144 2514 230 2595 ρίοις
261 2510 500 2595 ἀναλαβόντες,
533 2513 669 2588 ἱκανοὺς
702 2513 851 2597 οἰόμενοι
880 2515 962 2589 τοὺς
988 2509 1073 2597 ὑπὲρ
1098 2512 1151 2594 τήν

144 2618 385 2702 στρατεύσιμον
421 2617 554 2702 ήλικίαν
588 2620 769 2702 γεγονότας
806 2616 864 2684 καὶ
897 2619 959 2684 τὸν
997 2619 1151 2684 οίκετικὸν

144 2724 245 2808 όχλον
276 2726 338 2808 τήν
369 2747 405 2790 τε
436 2728 535 2792 πόλιν
562 2723 618 2791 καὶ
644 2727 685 2791 τοὶ
711 2723 765 2790 ἐπὶ
790 2733 850 2809 τής
876 2725 987 2812 χώρας
1015 2724 1150 2812 ἐρύματα

107 2829 344 2915 4ρυλοίττειν.1
379 2830 435 2896 καὶ
457 2834 680 2910 συνελθόντες
702 2832 804 2917 ὁμόσε
827 2836 979 2898 τίθενται
1001 2835 1078 2910 τοὺς
1099 2832 1150 2916 χό-

215 2995 229 3043 1
249 2989 439 3058 *κρατοῦντες
457 2989 550 3044 αὐτῶν
570 2989 592 3044 Ο
610 2991 725 3059 praeter
738 2989 769 3058 B,
789 3005 842 3058 ego
862 2991 955 3045 αὐτῶν
974 2991 1041 3044 ante
1059 2989 1093 3060 μή
1111 2989 1149 3042 in·

143 3060 218 3115 serui
277 3061 503 3130 όόιπεκρίναντο
522 3078 544 3115 ο.
564 3059 711 3130 Kiessling
765 3059 857 3133 ῖότι]
876 3059 906 3116 οῖ
921 3078 945 3116 ο.
964 3060 1068 3116 Reiske
1119 3064 1147 3112 10

144 3131 322 3219 abtobc'del.
342 3131 516 3220 Kiessling]
541 3131 602 3187 τότε
626 3130 706 3255 {geum
729 3147 753 3186 ο.
777 3131 868 3187 Cobet
887 3132 952 3188 Ob..
971 3151 1000 3202 p.
1018 3138 1066 3187 101
1119 3136 1146 3184 12

144 3201 344 3272 δεησομενους]
368 3204 570 3270 δικασομενους
589 3220 611 3258 ο.
656 3202 782 3272 ucheler,
807 3204 973 3275 συγγνώμην
991 3203 1038 3259 vel
1056 3202 1147 3258 ἄδειαν

146 3268 346 3338 αἰτησομένους
371 3287 394 3325 ο.
420 3271 573 3341 Kiessh'ng,
602 3274 765 3344 συγγνώμης
793 3274 981 3345 δεησομένους
1004 3292 1027 3330 ο.
1049 3274 1146 3342 Kayser

145 3335 217 3390 Am
236 3339 306 3404 phil.
322 3347 390 3396 1866
409 3359 436 3410 p.
451 3349 498 3407 453
517 3343 552 3396 cf.
572 3343 744 3470 Grasberffer
762 3344 838 3400 Tess.
853 3345 969 3470 Herbig.
983 3364 1011 3416 p.
1026 3351 1059 3401 27
1118 3350 1146 3398 1‘1

148 3402 254 3459 ἅπασιν
277 3409 299 3461 0
323 3425 391 3463 corr.
415 3410 558 3480 Kiessling
636 3421 667 3468 19
702 3413 839 3487 κπρεπέσι
861 3434 916 3473 om.
1032 3424 1064 3472 20
1080 3413 1148 3470 κατὰ

149 3469 200 3536 τήν
218 3471 300 3527 πόλιν
321 3493 343 3530 ο.
362 3479 517 3535 Ambroseh
