2394 3912
462 193 622 246 ..ς-

34 346 136 434 αὐτῷ.
178 349 285 418 ἐδόκει
307 360 424 417 ταῦτα·
446 351 501 419 καὶ
524 356 605 420 κατὰ
628 355 780 438 σπουδὴν
799 353 982 438 ἀναβάντες
1000 351 1088 419 ἐπδ3

7 455 114 530 ιιτοὺς
143 455 268 534 ἵππους
295 459 444 542 ἤλαυνον
466 461 514 537 είς
535 462 598 544 τὴν
620 463 719 527 πόλιν
743 461 778 527 ολ
798 460 973 545 μέλλοντες
996 462 1053 545 δη-

33 561 159 628 λῶσειν
191 572 232 648 τῇ
264 568 370 650 βουλῇ
401 567 442 630 τδι
471 569 644 652 γενόμενα.
689 566 887 652 προθέντων
919 563 957 632 δὲ
985 577 1053 632 τῶν

31 667 174 734 ὑποίτοιν
192 671 295 752 λόγον
313 681 382 748 τοῖς
397 671 584 758 συνέδροις,
604 672 791 759 Οὐαλερίου
806 669 867 758 μὲν
880 668 923 756 ην
937 673 1052 758 γνώμη

34 773 172 840 διδόναι
201 773 256 839 καὶ
283 777 408 862 ταύτην
435 785 480 867 τῶ
505 780 598 866 δήμῳ
621 780 684 863 την
706 779 817 864 χάριν·
840 778 982 856 ’Ἇππιος
1005 777 1081 862 δέ,5

34 879 137 965 ὅσπερ
163 879 197 959 ἐξ
222 881 324 968 ἀρχῆς
346 885 546 968 ἠναντιοῦτο
569 890 641 962 ταῖς
664 887 872 969 διαλλαγαῖς,
901 883 957 952 καὶ
980 888 1053 950 τότε

35 984 69 1050 ἐκ
91 996 156 1053 τοῦ
181 999 334 1075 φανεροῦ
356 989 509 1075 ἀντέλεγε
531 995 622 1076 βοῶν
640 989 695 1057 καὶ
712 995 816 1069 θεοὺς
834 992 1053 1078 ἐπιμαρτυρό-

36 1115 135 1176 μενος
153 1097 222 1179 καί,
241 1097 332 1162 ὅσων
350 1095 464 1182 μέλλοι
483 1098 612 1183 σπέρμα
630 1109 741 1164 κακῶν
760 1101 886 1182 βαλεῖν,
904 1106 944 1182 τῇ
960 1102 1053 1163 πολι-

35 1203 104 1288 τεία
133 1201 319 1286 προλέγων.
361 1201 433 1270 ἀλλ’
455 1204 517 1270 οὐκ
540 1207 653 1270 έπενδε
675 1207 754 1282 τοὺς
776 1207 921 1281 πολλοὺς
944 1205 1053 1290 ὡρμη-

36 1309 144 1390 κότας,
170 1309 282 1396 ὥσπερ
305 1305 411 1394 είπον,
435 1312 661 1378 διαλύσασθαι
683 1313 745 1396 τὴν
764 1311 890 1376 στοίσιν.
927 1315 1054 1394 γίνεται
1069 1327 1094 1365 1⁰

38 1413 76 1495 δὴ
100 1415 261 1500 ψήφισμα
282 1425 342 1500 τῆς
364 1421 497 1502 βουλῆς,
520 1418 618 1482 τότε
641 1419 734 1499 ἄλλα,
759 1418 821 1483 ὅσα
845 1419 880 1482 οί
899 1415 1055 1503 πρέσβεις

38 1519 225 1606 ὑπέσχοντο
242 1530 288 1611 τῷ
309 1524 415 1612 δήμῳ,
436 1524 543 1590 πάντα
561 1519 648 1590 εἶναι
665 1524 775 1608 κύρια,
793 1521 850 1590 καὶ
867 1525 928 1608 τὴν
947 1523 1053 1607 ἀσφά-

38 1629 140 1711 λειαν,
159 1628 205 1711 ἣν
223 1623 343 1714 ᾐτεῖτο,
364 1627 558 1715 ἐπιτρέπειν.
590 1625 690 1695 ταῦθ’
708 1631 744 1696 os
759 1629 914 1717 πρέσβεις
928 1629 1089 1713 διοικη-4

40 1733 178 1816 σοίμενοι
196 1743 236 1820 τῇ
250 1737 389 1800 κατόπιν
403 1735 510 1823 ἡμέρᾳ
527 1745 681 1821 παρῆσαν
700 1735 754 1802 ἐπὶ
770 1738 808 1802 τὸ
828 1738 1054 1822 στρατόπεδον

7 1837 92 1902 μυκαὶ
124 1841 167 1906 τὰ
201 1840 345 1919 δόξαντα
375 1850 415 1926 τῇ
447 1845 552 1927 βουλῇ
583 1844 801 1927 διεσάφησαν.
847 1843 928 1927 μετὰ
954 1851 1053 1908 τοῦτο
1070 1866 1095 1907 τε

41 1948 218 2031 Μενηνίου
231 1946 495 2032 παραινέσαντος
507 1937 578 2024 τοῖς
590 1950 748 2033 δημόταις
760 1948 955 2015 ἀποστεῖλαί
961 1973 1056 2026 τινας

42 2053 84 2128 είς
106 2054 171 2137 τὴν
194 2057 308 2137 πόλιν,
332 2045 382 2131 οἷς
403 2054 424 2138 ἡ
448 2055 554 2137 βουλὴ
577 2056 617 2118 τδι
640 2056 739 2119 πιστδι
762 2055 872 2137 δώσει,
896 2053 1055 2138 πέμπεται

41 2162 183 2238 Λεύκιος
202 2157 343 2237 Ἰούνιος
364 2164 529 2244 Βροῦτος,
557 2156 641 2245 ὑπὲρ
669 2155 711 2225 οὗ
738 2163 902 2245 πρότερον
929 2166 1055 2245 είρηιια,
1158 2149 1160 2154 ’

42 2264 93 2330 καὶ
126 2269 193 2332 σὺν
224 2266 313 2354 αὐτῷ
341 2265 482 2351 Μάρκος
508 2263 630 2340 Δέκιος
659 2263 714 2330 καὶ
742 2268 891 2350 Σπόριος
914 2262 1054 2342 Ἰκίλιος.

42 2383 105 2437 τῶν
136 2370 175 2439 δὲ
205 2374 294 2458 παρὰ
321 2381 379 2456 τῆς
406 2375 529 2456 βουλῆς
556 2369 752 2456 ἀφιγμένων
779 2373 815 2436 ol
838 2368 900 2456 μὲν
927 2371 1055 2456 ἡμίσεις
1069 2394 1095 2434 το

44 2477 107 2561 ἅμα
128 2490 200 2557 τοῖς
222 2477 298 2564 περὶ
320 2481 380 2544 τὸν
393 2483 547 2563 Βροῦτον
571 2480 618 2555 είς
635 2479 697 2562 τὴν
715 2481 815 2543 πόλιν
833 2477 1055 2564 ὑπέστρεψαν,

42 2576 218 2678 Ἀγρίππας
249 2582 287 2650 δὲ
319 2587 400 2670 μετδι
430 2595 498 2650 τῶν
530 2589 657 2650 λοιπῶν
688 2583 879 2668 κατέμεινεν
911 2583 964 2650 ἐπὶ
995 2593 1056 2650 τοῦ

45 2692 268 2774 στρατοπέδου
299 2690 481 2776 διαγράψαι
510 2689 738 2776 παρακληθεὶς
766 2691 826 2755 τὸν
853 2692 959 2775 νόμον
986 2702 1056 2768 τοϊς
1118 2737 1121 2744 ψ

45 2794 232 2880 δημοτικοῖς
254 2795 332 2863 καθ’
355 2797 396 2862 δν
419 2795 631 2875 ἀποδείξουσι
654 2798 712 2874 τὰς
735 2796 846 2883 ἀρχάς.

109 2903 340 2970 LXXXVIIII.
381 2907 427 2987 Τῇ
460 2897 492 2967 δ’
519 2901 591 2986 ἑξῆς
621 2902 728 2990 ἡμέρᾳ
754 2911 907 2987 παρῆσαν
934 2899 996 2987 μὲν
1024 2904 1060 2969 οί
1071 2921 1097 2964 25

46 3007 117 3091 περὶ
146 3013 205 3076 τὸν
228 3015 381 3093 Βροῦτον
408 3009 625 3093 πεποιημένοι
652 3011 710 3086 τδις
737 3009 820 3094 πρὸς
844 3009 905 3092 την
928 3011 1056 3092 βουλὴν

48 3119 214 3200 συνθηκας
238 3117 294 3180 διδ
315 3126 383 3180 τῶν
407 3116 638 3200 εἰρηνοδικῶν,
663 3115 722 3193 οδς
743 3120 885 3180 καλοῦσι
902 3109 1057 3199 Ῥωμαῖοι

115 3309 246 3380 8βαλεῖν
264 3307 401 3363 κακῶνΒ
457 3304 553 3361 9ἀλλ’
570 3305 662 3378 ὥσπερ
682 3304 762 3362 εἷπον
781 3307 833 3360 ΑΒ
871 3305 963 3377 ὥσπερ
982 3306 1057 3370 είκδς

49 3388 70 3427 0.
88 3373 229 3448 Kiessling
301 3386 334 3432 17
359 3376 399 3441 είς
422 3376 473 3446 τὴν
496 3376 580 3432 πόλιν
601 3376 643 3442 οἷς
660 3378 677 3447 ἡ
697 3378 782 3451 βουλὴ
803 3410 835 3418 -
856 3378 980 3433 δόσειΒ
1017 3377 1057 3442 είς

50 3443 97 3513 τὴν
116 3449 217 3521 βουλὴν
232 3447 273 3512 οἷς
288 3482 320 3490 -—
336 3450 420 3504 δόσει
433 3447 459 3501 R
496 3456 528 3504 19
545 3445 661 3519 σπόριον
679 3452 793 3514 σικίλιος
806 3451 830 3520 O
850 3465 918 3504 corr.
935 3448 1057 3520 Sylburg
