2400 3912
147 214 190 278 52
576 216 740 266 -Λ-

147 373 359 464 πρεσβυτέρῳ
384 381 536 464 τολμηρῷ
560 373 615 442 καὶ
638 374 784 442 αὐθάδει
808 370 863 438 καὶ
886 376 1075 457 τυραννικῷ
1098 368 1153 450 τὴν

147 482 254 566 φύσιν
282 485 354 549 ἀντι
380 483 505 569 χρηστὴ
532 480 589 548 καὶ
616 481 765 568 σώφρων
786 477 843 547 καὶ
866 477 1060 564 φιλοπάτωρ
1082 487 1185 540 συν-λλ

147 594 233 673 ἦλθε
257 592 359 674 γυνή,
383 585 558 676 Ἀρροῦντι
581 585 619 654 δὲ
641 596 687 676 τῷ
711 585 863 676 νεωτέρῳ
885 586 972 652 πολὺ
994 583 1032 648 τὸ
1055 588 1157 669 πρᾷον

148 699 258 781 ἔχοντι
280 693 335 762 καὶ
359 695 555 779 εὐλόγιστον
578 695 697 762 ἀνοσία
720 693 775 762 καὶ
798 691 991 780 μισοπάτωρ
1010 687 1067 756 καὶ
1083 687 1158 754 πάν-

110 778 268 906 Ξτολμος
295 798 338 886 ἦν
365 803 386 885 ἡ
408 805 541 886 γαμετή.
579 801 756 886 συνέβαινε
780 802 821 886 δη
844 811 912 866 τῶν
935 798 1070 884 ἀνδρῶν
1094 793 1159 862 ἑκα-

147 908 231 995 τέρφ
255 907 422 994 φέρεσθαι
445 904 506 993 μέν
528 907 581 974 ἐπὶ
601 910 663 992 τὴν
682 907 803 974 ἑαυτοῦ
822 908 939 992 φύσιν,
963 903 1160 990 μετάγεσθαι

148 1012 178 1078 δ’
201 1013 265 1078 ὑπὸ
288 1023 347 1098 τῆς
369 1017 528 1097 γυναικὸς
551 1012 603 1080 ἐπὶ
626 1014 799 1082 τάναντία·
831 1013 850 1079 ὁ
874 1011 936 1099 μέν
958 1034 997 1094 γε
1019 1008 1161 1092 πονηρὸς

148 1119 299 1203 ἐκβαλεῖν
326 1128 384 1204 τῆς
411 1124 580 1204 βασιλείας
605 1125 665 1189 τὸν
692 1123 857 1206 κηδεστὴν
884 1117 1161 1206 προθυμούμενος

146 1223 202 1291 καὶ
229 1227 336 1291 πάντα
364 1228 602 1312 μηχανώμενος
630 1229 678 1306 είς
704 1237 803 1295 τοῦτο
832 1227 897 1294 ὑπὸ
926 1235 985 1309 τῆς
1007 1221 1162 1309 γυναικὸς

112 1357 137 1397 10
147 1332 358 1416 μετεπείθετο
391 1333 633 1418 ἀντιβολούσης
663 1358 699 1402 τε
730 1333 785 1401 καί
818 1331 1040 1420 ὀδυρομένης·
1083 1329 1102 1394 ὁ
1131 1323 1160 1392 δ’

147 1437 290 1523 ἐπιεικὴς
309 1434 411 1506 οὐδέν
430 1441 584 1525 οίόμενος
603 1442 675 1507 δεῖν
688 1440 926 1526 ἐξαμαρτάνειν
945 1440 993 1516 είς
1010 1439 1072 1503 τὸν
1092 1456 1163 1500 πευ-

146 1547 263 1627 θερύν,
292 1545 376 1610 ἀλλά
401 1544 609 1632 περιμένειν,
642 1547 704 1625 ἕως
730 1548 751 1631 ἡ
780 1549 882 1632 φύσις
910 1545 1015 1610 αὐτὸν
1043 1542 1082 1608 ἐκ
1108 1549 1164 1606 τοῦ

147 1653 205 1732 ζῆν
236 1648 393 1736 ἐξαγάγῃ,
426 1649 481 1717 καὶ
508 1654 568 1718 τὸν
596 1652 745 1737 ἀδελφὸν
773 1652 835 1718 οὐκ
858 1652 923 1718 ἐῶν
945 1648 1164 1736 πράττειντὰ

147 1755 191 1838 μὴ
225 1755 351 1838 δίκαια,
384 1756 449 1821 ὑπὸ
481 1767 540 1842 τῆς
572 1759 709 1836 ἀνοσίας
738 1759 898 1842 γυναικὸς
925 1755 980 1823 ἐπὶ
1006 1755 1165 1821 τάναντία

111 1883 137 1924 15
147 1862 303 1943 μετήγετο
331 1864 561 1948 νουθετούσης
588 1889 623 1930 τε
649 1863 705 1931 καὶ
733 1861 996 1951 λοιδορουμένης
1024 1859 1082 1926 καὶ
1109 1861 1167 1942 τὴν

112 1965 336 2052 4ἀνανδρίαν
367 1970 577 2054 κακιζούσης·
614 1971 659 2048 ὡς
691 1967 723 2036 δ’
752 1968 855 2038 οὐδὲν
883 1967 1063 2056 ἐπέραινον
1093 1967 1168 2032 οὔτε

148 2072 185 2136 αλ
204 2080 262 2156 τῆς
286 2074 463 2160 σώφρονος
482 2080 642 2142 λιτανεῖαι
660 2078 700 2141 τά
718 2078 875 2162 κράτιστα
893 2077 954 2142 τὸν
972 2075 1015 2141 οὐ
1036 2074 1170 2140 δίκαιον

146 2179 255 2265 ἀνδρα
279 2180 474 2264 πειθούσης,
498 2181 574 2248 οὔτε
599 2182 636 2246 αλ
654 2191 713 2265 τῆς
735 2191 856 2268 μιαρᾶς
877 2178 1095 2266 παραινέσεις
1117 2177 1171 2243 ἐπὶ

145 2285 204 2361 τάς
227 2283 384 2363 ἀνοσίους
407 2284 540 2370 πράξεις
562 2287 622 2351 τὸν
646 2287 686 2352 ού
709 2289 861 2373 πονηρὸν
884 2281 971 2352 εἶναι
994 2287 1173 2370 πεφυκότα

111 2417 138 2454 το
147 2392 418 2475 παρακαλούσης,
456 2387 527 2456 ἀλλ’
559 2389 712 2476 ἑκάτερος
739 2391 792 2459 ἐπὶ
819 2394 881 2476 τὴν
909 2391 1034 2458 ἑαυτοῦ
1062 2392 1189 2476 φύσιυῖ

147 2493 283 2580 ἐφέρετο
311 2494 367 2560 καὶ
394 2498 547 2581 λυπηράν
573 2497 684 2580 ἡγεῖτο
707 2498 768 2581 τὴν
791 2499 836 2582 μη
859 2499 900 2563 τὰ
922 2499 1024 2582 ὅμοια
1047 2501 1177 2581 βουλο-

147 2599 264 2684 μένην,
284 2609 323 2686 τῇ
342 2597 404 2684 μὲν
423 2602 612 2688 ὀδύρεσθαί
627 2624 661 2667 τε
676 2601 731 2668 καὶ
749 2602 867 2688 φέρειν
885 2605 946 2669 τὸν
961 2602 1083 2688 ἑαυτῆς
1097 2605 1178 2668 δαί-

147 2729 234 2790 μονα
257 2715 389 2792 περιῆν·
421 2716 461 2793 τῇ
486 2702 523 2772 δέ
546 2708 723 2795 παντόλμῳ
746 2711 961 2792 χαλεπαίνειν
984 2708 1041 2776 καὶ
1066 2709 1181 2774 ἀπαλ-

111 2813 289 2895 5λαγῆυαι
322 2815 429 2896 ζητεῖν
462 2812 526 2878 ἀπὸ
559 2821 620 2876 τοῦ
651 2823 900 2892 συνοικοῦντος.
948 2817 1063 2881 ἔπειτα
1091 2811 1126 2880 δ’
1161 2815 1184 2898 η

107 2937 133 2979 τε
147 2919 231 3002 κακὴ
250 2919 312 3002 τὴν
331 2919 437 3002 φύσιν
455 2919 684 3002 ἀπονοηθεῖσα
702 2917 758 2983 καί
776 2925 944 3003 νομίσασα
962 2933 1035 3000 τοῖς
1050 2920 1186 3005 ἑαυτῆς

145 3027 281 3112 τρόποις
314 3023 488 3110 ἀρμύττειν
520 3025 661 3108 μάλιστα
696 3026 755 3090 τὸν
787 3035 845 3110 τῆς
877 3027 1028 3114 ἀδελφῆς
1059 3029 1190 3114 ἀνδρα

217 3259 233 3306 9
253 3260 371 3322 χρηστῆς
393 3250 527 3322 γυναικὸς
545 3267 569 3308 c.
588 3249 731 3319 Kiessling
807 3258 839 3306 13
859 3249 981 3326 ἐξαγαγ.
1002 3258 1035 3310 ut
1054 3255 1196 3310 videtur

146 3341 171 3374 ει
189 3321 237 3373 Ba
329 3330 361 3377 18
384 3319 653 3406 παρ<αι>νέσειςῌ
747 3326 781 3374 21
802 3320 889 3391 ἥγητο
913 3325 962 3379 Ba
1058 3333 1092 3381 17
1112 3327 1195 3382 ἀπὸ

146 3389 311 3526 ἓεΙὲῖΟοοεθ
329 3391 395 3446 Obs,
413 3409 440 3458 p.
460 3396 494 3444 83
567 3391 639 3445 240
665 3406 718 3446 om.
738 3389 761 3444 B
790 3394 866 3460 quod
888 3398 994 3464 probat
1016 3396 1128 3452 Baum
1153 3422 1162 3446 ι
