2384 3902
141 199 207 264 208
341 208 344 212 '
571 203 736 252 -Ε-

141 387 212 447 γων
239 364 427 448 θρίαμβον,
455 359 527 427 ἀλλ’
551 361 613 429 οὐκ
640 359 694 448 ἐφ’
717 363 864 447 ἅρματος
890 359 1000 448 ὥσπερ
1024 359 1153 436 ἐκεῖνος·

143 465 252 535 ἔπειθ’
280 470 330 534 ότι
358 469 400 534 οὐ
427 471 489 554 τήν
518 473 674 554 ποικίλην
704 467 761 534 καὶ
783 471 1000 554 χρυσόσημον
1023 465 1155 552 ἀμφιέν-

143 599 241 642 νυται
264 578 398 660 στολήν,
422 567 443 662 ᾖ
462 587 633 662 κοσμεῖται
653 576 672 642 ὁ
690 573 812 659 ἕτερος,
837 571 918 642 οὐδὲ
936 576 998 641 τὸν
1015 583 1156 660 χρυσοῦν

144 684 211 767 ἔχει
234 681 414 768 στέφανον,
437 682 521 749 άλλά
544 685 800 770 περιπόρφυρον
824 683 948 767 λευκήν
970 680 1156 768 περιβέβλη-

113 811 199 857 εται
221 793 400 874 τήβενναν,
423 791 461 856 τὸ
486 789 667 876 ἐπιχώριον
688 800 757 855 τῶν
782 789 917 856 ὑπάτων
939 809 975 854 τε
993 786 1049 854 καὶ
1066 804 1157 870 στρα-

144 906 256 980 τηγῶν
275 899 423 981 φόρημα,
447 894 617 982 στέφανον
636 893 667 961 θ’
686 897 845 963 ἐπίκειται
863 895 1005 980 δάφνης,
1030 897 1157 980 μεμείω-

145 1024 199 1066 ται
223 999 261 1068 δὲ
284 1001 340 1068 καλ
362 1011 423 1069 τοῦ
446 1005 617 1089 σκήπτρου
634 1012 674 1089 τῇ
693 1005 837 1090 φορήσει
854 1005 944 1090 παρὰ
961 1003 1022 1068 τὸν
1041 1000 1157 1086 ἕτερον,

111 1111 187 1178 4τά
220 1103 251 1173 δ’
283 1111 367 1175 ἄλλα
397 1109 505 1177 πάντα
535 1110 639 1176 ταύτά
670 1111 746 1194 ἔχει.
790 1115 899 1175 αίτιον
927 1105 965 1175 δὲ
991 1116 1038 1197 τῷ
1067 1105 1157 1192 ἀνδρί

147 1219 355 1305 [Ποστομίῳ]
383 1226 442 1302 τής
465 1217 640 1295 ἐλάττονος
662 1225 758 1301 τιμῆς
781 1215 926 1301 ἐγένετο,
955 1217 1065 1281 καίτοι
1089 1220 1188 1298 λιμοι

111 1349 138 1389 ιο
146 1324 299 1411 προτάτρι
326 1324 463 1389 πάντων
490 1322 660 1411 γενομένῳ
684 1325 767 1389 κατὰ
788 1323 850 1407 τήν
874 1323 998 1408 μάχην,
1026 1324 1064 1388 τὸ
1090 1324 1158 1407 πρό-

146 1453 246 1517 τερον
270 1439 418 1514 πταῖσμα
440 1429 477 1495 ἐν
500 1437 539 1514 τῇ
564 1429 727 1516 ἐπιδρομή
750 1429 833 1514 μέγα
856 1427 913 1496 ικαὶ
935 1433 1001 1495 σὺν
1025 1429 1156 1514 αίσχόνη

146 1540 346 1622 γενόμενον,
377 1533 410 1614 ἐξ
439 1531 481 1601 οὗ
508 1543 567 1620 τῆς
593 1558 629 1600 τε
653 1537 828 1621 δυνάμεως
848 1538 997 1614 πολλοὺς
1020 1536 1157 1602 ἀπώλεσε

146 1641 203 1707 καί
231 1642 331 1720 αὐτὸς
359 1642 476 1726 ὀλίγον
504 1641 619 1726 ίόίησε
648 1646 712 1709 σὺν
739 1653 810 1722 τοῖς
835 1648 1107 1731 περιλειφθεῖσιν
1132 1642 1158 1707 ἐκ

148 1756 206 1831 τῆς
229 1758 353 1833 τροπῆς
376 1749 583 1834 αἰχμάλωτος
606 1749 773 1834 γενέσθαι.

111 1879 138 1920 15
214 1854 432 1922 XXXXVIII.
467 1851 540 1922 Ἐπὶ
573 1855 612 1924 δὲ
642 1866 701 1942 της
731 1859 861 1924 τούτων
888 1857 992 1946 ἀρχῆς
1019 1859 1158 1932 Πόπλιος

150 1960 334 2048 Οὐαλέριος
370 1966 584 2042 Ποπλικόλας
621 1965 882 2051 ἐπικαλούμενος
918 1966 1069 2050 νοσήσας
1104 1965 1158 2031 ἑτε-
1189 1975 1190 2056 λ

148 2069 257 2154 λεύτα,
281 2071 456 2156 κράτιστος
477 2082 546 2146 τῶν
568 2074 642 2138 τότε
660 2069 831 2158 Ῥωμαίων
853 2073 936 2140 κατὰ
958 2080 1073 2139 πᾶσαν
1096 2071 1158 2157 άμε-
1188 2105 1189 2186 ρ

147 2178 210 2261 τήν
233 2180 416 2262 νομισθείς.
452 2178 493 2242 τὰ
516 2175 577 2264 μὲν
601 2174 664 2244 οὖν
683 2180 767 2246 άλλα
784 2189 845 2246 τοῦ
865 2179 990 2267 ἀνδρὸς
1009 2182 1100 2266 ἔργα,
1119 2175 1155 2244 δι’

84 2276 91 2287 ’
148 2283 170 2348 ἃ
192 2283 429 2369 θαυμάζεσθαί
452 2308 488 2351 τε
515 2283 571 2352 καί
599 2289 729 2372 μνήμης
751 2287 929 2373 τυγχάνειν
953 2285 1045 2366 άξιός
1067 2286 1158 2366 ἐστιν,

111 2388 250 2458 εοούόὲν
280 2390 397 2478 δέομαι
424 2391 546 2476 λέγειν·
579 2393 618 2459 ἐν
645 2393 729 2480 άρχή
757 2395 821 2482 γάρ
848 2403 910 2460 τοῦ
938 2397 1044 2478 λόγου
1070 2393 1158 2460 τοῦόι
1186 2385 1187 2442 ί

147 2500 188 2564 τὰ
210 2499 318 2564 πολλὰ
341 2503 482 2584 εῖρηται·
515 2498 533 2565 ὃ
558 2496 588 2564 θ’
611 2499 769 2567 ἁπάντων
790 2499 860 2568 ἐστὶ
877 2511 946 2568 τῶν
964 2510 1027 2568 τοῦ
1046 2500 1158 2586 ἀνδρὸς

148 2604 320 2689 ἐγκωμίων
356 2607 638 2690 θαυμασιώτατον
673 2605 730 2673 καὶ
762 2609 855 2674 οὔπω
888 2606 1021 2694 τέτευχε
1054 2611 1157 2691 λόγου,

147 2707 238 2775 τοῦτ’
265 2716 377 2796 οίομαι
405 2714 477 2778 θεῖν
505 2715 550 2798 μη
579 2718 777 2800 παρελθεῖν,
800 2697 925 2792 παντὸς
948 2715 1089 2800 μάλιστα
1110 2737 1158 2779 νο-

147 2820 250 2902 μίζων
278 2828 377 2885 τοῦτο
405 2822 586 2906 προσήκειν
613 2831 683 2899 τοῖς
710 2821 903 2907 γράφουσιν
926 2822 1089 2909 ίστορίας,
1118 2820 1156 2905 μὴ

112 2946 138 2988 ει
148 2929 254 3012 μόνον
276 2927 335 3004 τὰς
358 2927 536 3011 πολεμικάς
559 2925 692 3013 πράξεις
714 2937 782 2992 τῶν
804 2927 974 3013 ἐπισήμων
993 2927 1158 3016 ήγεμόνων

221 3127 237 3175 3
257 3120 272 3174 ὁ
293 3113 387 3192 ἔτερος
404 3135 492 3188 usqne
512 3120 548 3174 ad
567 3119 765 3247 περιμέβληται
782 3121 871 3177 verba
889 3121 1158 3194 αόό.Β1*χρόσεον

150 3191 172 3245 0
229 3190 442 3263 ότήβεννονΑ
496 3190 610 3246 8ταῖιτ’
642 3192 777 3261 χειΑΒο
802 3191 1026 3264 ταότηέχειΒε,
1077 3196 1158 3248 9Πο

152 3262 254 3380 στομίῳ
278 3261 332 3315 del.
352 3260 633 3350 Kiessling'auctore
651 3263 758 3346 Porto·
811 3271 844 3346 12
863 3265 994 3336 πολλοὺς]
1019 3264 1121 3334 πολλὴν
1138 3279 1156 3316 ο.

153 3326 202 3393 Syl
221 3346 273 3396 urg
365 3338 397 3386 16
419 3332 572 3401 Οίιαλεριος
591 3332 605 3386 ό
626 3336 660 3387 Π.
680 3350 704 3389 ο.
724 3334 868 3405 Klosshng
953 3343 988 3391 λλ
1007 3336 1099 3405 τέτυχε
1118 3335 1158 3387 Ba

153 3396 433 3536 ἷχῑόχηκεεῄξρλέωἶὸ
452 3400 564 3480 πάντας
578 3403 625 3458 Ba
656 3404 770 3462 πάντων
787 3406 906 3477 μάλιστα
919 3408 967 3463 vel
980 3407 1082 3470 παντός
1096 3410 1159 3477 μᾶλ-
