2400 3912
463 235 625 284 -A-
1009 237 1051 300 97

39 395 141 470 ζῶντα
158 393 371 475 παραδοῦναι
389 392 449 456 τὸν
467 392 545 458 υἰὸν
564 393 654 482 αὐτῷ
675 393 744 475 [καὶ
761 399 956 480 κομίζεσθαι
973 401 1053 475 τοὺς

39 496 352 582 διωμολογημένους
375 499 550 583 μισθούς],
579 500 637 565 ἐὰν
662 497 694 564 δ’
721 499 886 578 ἀδύνατος
908 494 929 588 ᾖ
952 513 1052 569 τοῦτο

37 605 95 686 την
119 606 270 689 κεφαλὴν
294 604 500 689 ἀποτεμόντα
521 603 657 690 πέμψαι.
693 616 796 672 ταῦτα
820 605 857 673 δὲ
876 612 1052 693 ποιήσαντι

38 710 124 798 αὐτῷ
148 733 183 775 τε
206 708 263 776 καὶ
284 721 355 787 τοῖς
378 708 641 804 συλλαβομένοις
662 721 723 779 τοῦ
746 715 848 798 ἔργου
865 713 966 799 χωρὶς
983 726 1051 781 τῶν

38 818 147 883 δλλων
170 824 320 902 μισθῶν,
347 817 406 894 οὓς
428 820 592 903 πρότερον
615 817 796 904 ὑπέσχητο,
823 824 993 886 πολιτείαν
1016 843 1078 887 τετ

37 925 93 1006 τὴν
123 923 161 990 ἐν
180 921 287 1009 Ῥώμη
312 924 434 989 δώσειν
461 925 525 1008 ἐφη
549 922 604 989 καί
628 928 675 1000 εἰς
696 926 756 990 τὸν
778 936 846 990 τῶν
869 930 1051 1011 πατρικίων

38 1030 183 1116 άριθμὸν
206 1031 354 1106 ἅπαντας
377 1029 558 1116 ἐγγράψειν
582 1033 688 1108 οἰκίας
707 1054 742 1098 τε
761 1029 816 1096 καί
835 1035 979 1118 κλήρους
996 1032 1051 1099 καί

4 1138 135 1214 βούλλας
154 1138 288 1222 ’δωρεάς
309 1137 435 1213 πολλάς
458 1135 633 1221 ἐπνθησειν
655 1135 710 1203 καί
734 1139 886 1222 μεγάλας.
926 1138 978 1224 ἐφ’
1002 1132 1087 1217 οἷς4

37 1242 268 1327 ἐρεθισθέντες
288 1244 323 1309 οἰ
333 1244 453 1327 Γάβιοι
470 1244 531 1308 τὸν
549 1240 611 1328 μὲν
627 1240 810 1310 Ἀντίστιον
826 1245 1051 1329 ἐκπεπληγότα

36 1349 85 1415 ἐπὶ
111 1359 153 1435 τῇ
181 1349 358 1436 παραδόξῳ
386 1357 545 1436 συμφορᾷ
571 1348 627 1416 καί
654 1348 735 1416 οὐδὲ
757 1353 877 1437 φωνην
901 1352 967 1417 ὑπὸ
990 1361 1050 1417 τοῦ
1061 1376 1086 1414 ιο

36 1465 136 1523 κακοῦ
156 1455 252 1542 ῥῆξαι
271 1456 462 1540 δυνάμενον
481 1456 715 1522 ἀποκτείνουσι
733 1459 912 1540 βάλλοντες
925 1461 1050 1536 λίθοις·

35 1565 93 1646 την
117 1558 155 1628 δὲ
177 1565 261 1628 κατδι
283 1573 351 1629 τῶν
374 1565 486 1629 ἄλλων
511 1563 644 1646 ζητησίν
666 1586 701 1629 τε
724 1562 779 1629 καί
802 1567 964 1650 τιμωρίαν
982 1576 1049 1630 τῶν

36 1669 135 1736 ταύτά
153 1678 199 1757 τῷ
215 1668 369 1754 Πέτρωνι
384 1667 663 1754 βουλευσαμένων
678 1668 861 1756 ἐπέτρεψαν
874 1679 920 1757 τῷ
935 1669 1048 1757 Σέξτῳ

36 1779 249 1860 ποιήσασθαι.
296 1775 314 1840 δ
346 1773 383 1841 δὲ
410 1785 481 1852 τοῖς
509 1777 607 1852 ἰδίοις
634 1774 777 1860 ἑταίροις
804 1777 867 1860 την
894 1778 1049 1861 φυλακην

37 1881 209 1968 ἐπιτρέψας
237 1893 305 1947 τῶν
335 1886 468 1964 πυλῶν,
498 1880 554 1946 ἵνα
583 1882 627 1966 μη
659 1882 859 1966 διαφύγοιεν
886 1883 989 1948 αὐτὸν
1018 1883 1054 1948 οἰ
1060 1905 1085 1945 15

38 1989 71 2053 έν
95 1997 166 2065 ταῖς
190 1990 326 2069 αἰτίαις,
354 1987 492 2072 πέμπων
520 1986 573 2052 ἐπὶ
595 1989 653 2064 τδις
676 1990 782 2065 οἰκίας
803 1999 871 2054 τῶν
895 1989 1050 2073 ἐπιφανε-

37 2096 161 2161 στάτων
192 2094 328 2181 ἀνδρῶν
359 2093 527 2160 ἀπέκτεινε
555 2095 701 2171 πολλοὺς
734 2105 802 2159 τῶν
830 2097 965 2178 Γαβίων
994 2094 1048 2160 καί

37 2201 190 2283 ἀγαθούς.
536 2215 539 2222 ’

100 2308 219 2373 LVIII.
253 2305 310 2372 Ἐν
339 2299 364 2395 ᾧ
394 2304 431 2372 δὲ
454 2304 544 2372 ταῦτ’
572 2307 761 2393 ἐπράττετο,
789 2309 944 2392 θορύβου
966 2310 1049 2373 κατὰ

37 2415 95 2496 τὴν
119 2417 219 2481 πόλιν
243 2417 341 2490 ὄντος
363 2414 407 2490 ὡς
431 2411 484 2478 ἐπί
508 2415 656 2501 τοσούτῳ
679 2421 769 2502 κακῷ
793 2413 914 2498 μαθὼν
936 2415 976 2478 τδι
998 2436 1082 2497 γι-εο

38 2523 158 2604 νόμενα
182 2522 238 2586 διδι
261 2521 464 2607 γραμμάτων
488 2520 505 2586 ὁ
533 2521 718 2604 Ταρκύνιος
739 2529 849 2608 παρῆν
873 2522 965 2604 άγων
987 2522 1049 2605 τὴν

40 2628 178 2712 δύναμιν
202 2625 258 2692 καί
280 2624 356 2708 περὶ
379 2624 483 2710 μέσον
505 2628 626 2703 νυκτὸς
649 2627 753 2711 άγχοῦ
776 2637 833 2712 της
851 2630 978 2704 πόλεως
995 2651 1049 2710 γε·
1105 2689 1107 2693 ,

38 2735 174 2817 νόμενος
202 2733 426 2882 ἀνοιχθεισῶν
452 2742 520 2797 τῶν
547 2737 664 2798 πυλῶν
690 2732 756 2797 ὑπὸ
783 2743 851 2798 τῶν
874 2731 927 2798 ἐπὶ
949 2743 1048 2801 τοῦτο

108 2932 121 2979 1
140 2926 189 2980 καί
207 2927 374 2995 κομίζεσθαι
392 2927 457 2988 τοὺς
475 2923 733 2995 διωμολογημένους
746 2927 866 3015 μισθους
880 2925 944 2979 add.
958 2926 981 2978 Β
999 2925 1048 2979 sed

41 2993 74 3047 cf.
91 2995 211 3051 Sintenis
230 2996 348 3050 Hermes
367 2997 445 3052 1471
501 3002 518 3050 2
537 3004 618 3051 τοῦτο
636 3003 729 3051 ποιεῖν
748 2995 799 3087 τὴν
814 2995 964 3065 Κὶεεελίος,
983 2994 1046 3050 υίοῦ

41 3063 123 3132 τὴνο.
137 3066 245 3137 Kayser
258 3067 329 3121 Ann.
344 3067 415 3136 phil
432 3073 500 3122 1866
514 3086 541 3136 p
557 3073 591 3120 45
624 3062 798 3123 ἀδύνατον
781 3088 798 3138 η
814 3076 895 3122 τουτο
909 3084 931 3122 ο
943 3066 1046 3121 Reiske

42 3135 180 3208 3πὲμψαι
199 3140 275 3211 αύτῷ
295 3139 317 3193 Ο
336 3138 490 3208 praeterB
550 3136 745 3228 ὂδπέσχητο
744 3138 861 3193 ABb
848 3137 982 3228 νπεσγετο
1000 3137 1048 3191 Ba

43 3211 75 3258 10
92 3204 137 3264 ἐπι
154 3227 208 3264 om.
227 3194 270 3262 ΒΙ
266 3209 385 3278 ἀπδΟ
413 3209 469 3263 δπδ
488 3208 592 3264 Reiske
666 3208 745 3263 12
717 3231 732 3263 τ
733 3230 769 3278 ην
787 3207 819 3265 δέ
838 3208 911 3263 κατδι
929 3209 980 3278 τὴν
999 3208 1047 3263 άλ-

42 3279 89 3344 λην
106 3281 150 3333 Ba
201 3287 236 3335 20
255 3279 391 3351 γινόμενα
405 3281 457 3334 ΑΒ
493 3278 685 3373 γενόμεναΙί
724 3230 758 3336 ‘II
773 3278 984 3406 {yqoepgmivoev
998 3279 1046 3334 Bb

42 3353 74 3398 22
70 3351 152 3433 περὶ
174 3349 258 3422 μέσον
282 3352 423 3414 νυκτδςΟ
460 3351 525 3421 περὶ
544 3350 629 3442 μέσας
651 3351 755 3415 νύκτας
795 3368 864 3406 asan
885 3368 955 3405 onus
991 3352 1046 3422 πρὸ

42 3415 122 3488 μέσης
137 3423 235 3486 νυκτὸς
249 3422 353 3477 Reiske
388 3422 454 3493 περὶ
473 3422 655 3492 μεσονύκτιον
670 3422 794 3478 Sintenis
808 3423 869 3478 Em.
886 3421 966 3480 Dion
976 3423 1046 3478 1115

42 3489 94 3557 πρὸ
112 3501 197 3560 μεσῶν
216 3501 325 3550 νυκτων
344 3493 489 3563 Kiessling

93 3589 185 3632 onm.
200 3594 264 3634 Ηεπ.
278 3595 311 3634 Π.
333 3603 372 3634 το.
386 3594 489 3634 λιοοετ.
870 3588 885 3636 ‘I
