2394 3912
135 221 200 286 342
581 223 742 275 -ς-

135 383 155 467 ἡ
185 382 302 468 πατρὶς
332 383 413 467 ἡμῖν
444 385 609 470 οίχησεται
639 380 695 450 καλ
721 384 743 467 ἡ
771 385 922 450 πολιτεία
950 385 1033 469 πρὸς
1059 383 1152 468 ἡμῶν

135 487 246 556 αὐτῶν
269 488 507 576 καταλυομένη.
544 489 601 556 καὶ
625 490 666 556 ού
689 492 896 584 προστίθημι
920 490 1081 573 ἐνταῦθα,
1107 491 1154 554 ὅτι

135 602 293 681 πολεμεῖν
314 597 510 682 ἐπιτηδείων
529 597 692 682 σωμάτων
710 597 791 682 ἡμῖν
810 596 847 663 ἐν
865 604 912 685 τῷ
932 599 1075 682 παρόντι
1094 597 1153 679 δεῖ,

137 703 178 769 ού
200 714 360 790 γεωργῶν
384 701 464 770 οὐδὲ
484 709 601 787 θητῶν
620 700 701 770 οὐδὲ
718 703 874 790 ἐμπόρων
894 701 975 770 οὐδὲ
993 713 1062 770 τῶν
1081 702 1154 789 περὶ

109 812 193 888 οτάς
216 812 407 893 βαναύσους
428 809 546 896 τέχνας
568 808 841 896 ἀσχολουμένων,
870 809 932 886 οὓς
953 810 1021 894 ἀμα
1044 810 1153 892 δεήσει

136 916 324 1001 μανθάνειν
359 918 400 981 τά
431 918 593 1002 πολεμικά
624 915 680 982 καλ
711 925 831 1003 πεῖραν
863 917 976 982 αὐτῶν
1009 917 1153 998 διδόναι·

138 1023 262 1108 χαλεπὴ
292 1021 329 1088 δὲ
356 1033 454 1104 πεῖρα
481 1034 550 1089 τῶν
577 1024 620 1109 μὴ
650 1023 687 1090 ἐν
710 1027 797 1090 ἔθει·
831 1023 961 1107 ἀνάγκη
986 1019 1024 1088 δὲ
1046 1023 1154 1088 τοιού-

135 1153 215 1206 τους
237 1123 420 1206 εἶναιτοὺς
439 1130 627 1214 σύγκλυδας
648 1128 705 1196 καὶ
728 1129 764 1196 ἐκ
786 1132 912 1208 παντὸς
934 1133 1061 1206 ἔθνους
1086 1149 1192 1213 μετ-ιιι

101 1235 386 1321 3ανισταμένους.
419 1237 659 1320 στρατιωτικὴν
681 1239 746 1323 γὰρ
770 1239 846 1304 ούτε
871 1237 939 1323 δρῶ
963 1237 1151 1321 συμμαχίαν

98 1366 124 1406 10
136 1325 217 1426 ἡμῖν
240 1344 400 1430 οὐδεμίαν
424 1356 638 1410 συνεστῶσαν
662 1339 746 1427 οὔτ’,
771 1345 803 1410 εί
823 1346 947 1428 φανείη
969 1367 1021 1420 τις
1039 1342 1078 1408 ἐκ
1095 1351 1152 1407 τοῦ

137 1450 319 1535 ἀδοκήτου,
346 1447 579 1544 παραινέσαιμ’
602 1449 644 1515 ἀν
667 1451 748 1536 ύμῖν
771 1448 1026 1535 παραδέξασθαι
1050 1449 1152 1532 αὐτὴν

137 1567 207 1634 τοῖς
230 1561 351 1642 τείχεσι
373 1559 566 1643 προχείρως,
590 1559 716 1635 πολλάς
738 1558 839 1634 ἀλλας
860 1556 1080 1642 ἐπιστάμενος
1096 1559 1153 1621 πό-

137 1669 205 1741 λεις
227 1675 299 1741 ταῖς
322 1662 624 1749 είσαχθείσαιςιέπὶ
647 1669 780 1748 φυλακῇ
799 1673 969 1745 στρατιαῖς
988 1664 1152 1729 δεδουλω-

138 1768 248 1853 μένας.
352 1811 355 1818 ·
715 1795 723 1800 ·

99 1895 125 1938 15
206 1875 308 1942 LIIII.
328 1871 600 1963 Ἐνθυμούμενοί
613 1899 649 1942 τε
669 1879 710 1961 δη
728 1886 832 1942 ταῦτα
850 1874 906 1942 καλ
925 1871 1046 1961 ὅσαδὴ
1060 1875 1151 1959 ἕτερα

137 1983 217 2067 ἡμῖν
241 1990 369 2069 είρηται
391 1986 565 2070 πρότερον,
590 1986 639 2049 ἔτι
657 1979 694 2049 δὲ
712 1993 780 2049 τῶν
798 1985 1083 2069 παρακαλούντων
1101 1981 1151 2048 ἐπὶ

137 2092 195 2168 τάς
227 2092 407 2174 διαλλαγάς
439 2091 781 2176 ἀναμιμνησκόμενοι,
814 2091 866 2156 ὅτι
895 2089 937 2155 ού
964 2084 1043 2175 παρ’
1073 2088 1150 2174 ἡμῖν

139 2201 255 2282 μόνοις
282 2196 302 2281 ἢ
329 2198 473 2283 πρώτοις
502 2200 599 2262 πενία
625 2199 708 2283 πρὸς
731 2202 879 2263 πλοῦτον
902 2196 1076 2262 ἐστασίασε
1099 2193 1150 2260 καλ

137 2307 333 2387 ταπεινότης
350 2306 433 2389 πρὸς
451 2303 659 2388 ἐπιφάνειαν,
680 2299 752 2368 ἀλλ’
770 2303 807 2369 ἐν
825 2303 968 2380 ἀπάσαις
986 2303 1032 2380 ὡς
1050 2303 1150 2369 εἰπεῖν

6 2455 10 2460 -
99 2429 126 2470 2⁰
138 2409 194 2478 καὶ
217 2421 348 2497 μικραῖς
366 2409 421 2476 καὶ
440 2411 597 2495 μεγάλαις
614 2415 731 2476 πόλεσι
748 2408 910 2494 πολέμιον
929 2410 975 2486 ὡς
990 2411 1032 2475 τὰ
1048 2411 1151 2475 πολλὰ

26 2525 28 2528 ’
139 2526 200 2584 τού
229 2519 384 2594 πλείονος
411 2518 595 2582 τοῦλαττον
623 2520 835 2582 καθίσταται·
873 2516 910 2582 ἐν
939 2508 992 2594 αἶς
1020 2517 1056 2582 οί
1073 2536 1150 2602 προ-

140 2627 312 2709 εστηκότες
342 2633 404 2690 τοῦ
435 2633 553 2690 κοινοῦ
585 2623 820 2709 μετριάσαντες
851 2621 913 2707 μὲν
941 2625 1070 2689 ἔσωσαν
1098 2623 1151 2698 τὰς

140 2733 315 2817 πατρίδας,
346 2731 512 2818 αὐθαδείᾳ
543 2726 580 2796 δὲ
609 2731 814 2816 χρησάμενοι
841 2731 922 2813 μετά
949 2741 1018 2794 τῶν
1046 2731 1151 2794 ἀλλων

104 2841 125 2905 2
140 2837 280 2921 ἀγαθῶν
299 2835 354 2903 καλ
374 2847 460 2922 σφᾶς
480 2837 602 2914 αύτούς
618 2838 795 2902 διώλεσαν·
818 2834 874 2901 καλ
889 2836 940 2901 ὅτι
953 2845 1022 2901 πᾶν
1035 2845 1149 2921 χρῆμα,

101 2945 158 3011 2σὸ
187 2945 230 3011 ἀν
257 2945 294 3011 ίκ
315 2949 450 3010 πολλῶν
474 2946 642 3009 σύνθετον
665 2934 703 3030 ᾗ,
730 2949 845 3009 νοσεῖν
867 2940 996 3028 πέφυκε
1018 2943 1099 3008 κατά
1120 2964 1147 3004 τι

139 3063 207 3118 τῶν
241 3052 362 3119 ἑαυτοῦ
393 3053 538 3136 μορίων,
570 3047 626 3116 καὶ
659 3053 707 3116 ἔτι
734 3051 817 3137 πρὸς
846 3051 979 3128 τούτοις
1006 3050 1051 3126 ὡς
1077 3049 1196 3114 ούτε11

201 3285 229 3332 ,3
249 3279 406 3346 πολεμικῶν
427 3276 450 3331 Ο
487 3281 619 3346 πολεμεῖν
638 3277 743 3334 Reiske
825 3284 897 3333 ’ῖτῶ
918 3269 959 3332 0'
979 3286 1034 3332 τῶν
1052 3275 1149 3331 Reiske

144 3353 175 3398 12
194 3346 317 3408 *πολλὰς
340 3347 413 3416 ἡμᾶς
436 3343 638 3417 ἐπισταμένους
655 3347 707 3403 ΑΒ
744 3349 848 3413 πολλάς
870 3335 950 3412 τίνας
974 3344 1150 3418 ἐπιστάμενος

142 3414 259 3550 Ῑέῖέῖεξὲεο
281 3416 385 3479 πολλὰς
403 3415 457 3484 ἤδη
478 3413 499 3470 ἒ.
519 3417 643 3472 Sintenis
662 3419 722 3474 Em.
742 3420 825 3476 Dion.
840 3422 866 3476 Π
881 3426 914 3476 32
951 3419 1055 3482 πολλὰς
1070 3418 1151 3478 ἀλλοις
