2400 3912
142 239 206 304 122
436 293 441 297 .
569 229 741 295 -Δ-’

208 402 335 468 LXXV.
355 399 417 468 Ὃν
436 399 618 487 δὲτρόπον
636 404 727 466 ἐσται
745 402 875 467 τούτων
889 399 1041 482 ἕκαστον,
1060 398 1177 463 ἀκού-ιιι

142 505 222 574 σατέ
253 528 331 592 μου·
374 509 505 588 συνάξω
538 505 599 592 μὲν
631 507 696 592 ἐγὼ
727 509 789 592 τήν
822 506 1016 591 ἐκκλησίαν,
1049 506 1145 588 ὥσπερ

142 617 244 699 ἔφην,
273 615 386 699 ἐπειδὴ
410 616 663 700 συγκεχώρηταί
682 637 739 699 μοι
761 615 844 680 κατδι
867 615 973 698 νόμον
995 609 1052 676 καί
1074 612 1147 694 γνό

142 745 209 806 μην
236 723 467 806 εἰσηγήσομαι·
503 722 643 806 φεύγειν
670 721 860 806 Ταρκύνιον
883 720 950 804 ἅμα
973 727 1045 794 τοῖς
1067 715 1147 782 παισὶ

110 825 197 893 εκαὶ
228 837 268 912 τῇ
300 827 434 911 γυναικὶ
465 828 593 905 πόλεώς
623 850 659 894 τε
689 825 745 894 καὶ
772 827 883 913 χώρας
909 835 968 910 τής
990 822 1147 908 Ῥωμαίων

142 923 357 1019 εἰργομένους
386 937 447 1001 τὸν
475 932 526 1000 ἀεὶ
553 936 677 1019 χρόνον
704 931 760 999 καὶ
787 931 885 1017 γένος
911 933 949 996 τὸ
978 930 1012 1010 ἐξ
1035 931 1147 996 αὐτῶν·

143 1041 223 1104 ὅταν
247 1036 277 1104 δ’
301 1039 526 1125 ἐπιψηφίσωσι
549 1041 611 1124 τήν
634 1040 772 1124 γνώμην
792 1039 827 1105 οί
841 1043 984 1119 πολῖται,
1009 1039 1148 1122 δηλώσας

143 1145 257 1222 αὐτοῖς
274 1145 318 1229 ἣν
337 1147 566 1232 διανοούμεθα
584 1149 856 1230 καταστήσασθαι
873 1146 1046 1210 πολιτείαν
1065 1159 1148 1228 μεσο-

143 1250 281 1337 βασιλέα
300 1250 437 1338 ἑλοῦμαι
455 1255 515 1318 τὸν
534 1251 751 1331 ἀποδείξοντα
765 1254 844 1329 τοὺς
858 1247 1148 1337 παραληψομένους

109 1361 184 1426 ιοτδι
210 1359 322 1443 κοινοί,
354 1357 410 1426 καὶ
438 1359 537 1438 αὐτὸς
565 1359 779 1443 ἀποθήσομαι
804 1359 868 1443 τήν
894 1368 962 1422 τῶν
990 1358 1149 1438 Κελερίων

108 1466 258 1553 2ἅρχήν.
295 1466 314 1532 ὁ
339 1463 377 1532 δδ
399 1463 618 1544 κατασταθεὶς
639 1461 696 1531 ὑπ’
718 1464 800 1549 ἐμοῦ
823 1464 1066 1549 μεσοβασιλεὺς
1084 1478 1149 1526 συν-

144 1575 280 1657 αγαγὼν
315 1575 376 1658 τήν
413 1579 540 1658 λοχῖτιν
577 1573 754 1656 ἐκκλησίαν
786 1570 982 1655 ὀνομασάτω
1015 1593 1053 1634 τε
1083 1569 1150 1642 τοὺς

144 1678 325 1764 μέλλοντας
352 1678 437 1758 ἕξειν
463 1681 526 1763 τήν
555 1678 727 1746 ἐνιαύσιον
754 1677 936 1762 ἡγεμονίαν
964 1673 1021 1741 καὶ
1047 1684 1149 1759 ψῆφον

143 1780 228 1869 ὑπὲρ
256 1784 367 1850 αὐτῶν
394 1795 463 1862 τοῖς
485 1787 635 1862 πολίταις
659 1786 760 1850 δότω·
797 1783 855 1848 ἐὰν
880 1779 917 1848 δὲ
939 1792 1011 1860 τοῖς
1032 1783 1150 1846 πλείοσι

111 1889 227 1976 ιεδόξη
251 1892 361 1976 λόχοις
383 1895 504 1978 κυρίαν
527 1887 614 1957 εἶναι
636 1892 699 1975 τήν
717 1901 785 1956 τῶν
804 1889 939 1974 ἀνδρῶν
958 1889 1089 1974 αἵρεσιν
1106 1883 1151 1952 καὶ

144 1998 184 2062 τδι
213 2000 423 2083 μαντεύματα
444 1997 581 2082 γένηται
608 1995 684 2083 περὶ
707 1996 818 2062 αὐτῶν
840 1995 940 2078 καλοί,
968 1999 1050 2071 τοὺς
1070 1991 1152 2060 πελέ-

145 2128 212 2180 κεις
241 2099 334 2169 οὗτοι
361 2106 610 2190 παραλαβόντες
637 2100 693 2168 καὶ
720 2104 761 2168 τὰ
788 2103 887 2168 λοιπὰ
911 2109 968 2185 τῆς
991 2104 1186 2184 βασιλικήςθθ

145 2210 297 2290 ἐξουσίας
320 2212 471 2297 σύμβολα
494 2193 737 2295 πραττέτωσαν,
761 2209 850 2285 ὅπως
869 2207 1056 2292 ἐλευθέραν
1074 2208 1153 2288 οίκή-

146 2334 249 2402 σομεν
279 2319 353 2402 τήν
373 2319 516 2403 πατρίδα
548 2314 603 2383 καὶ
631 2314 744 2400 μηκέτι
773 2313 925 2381 κάθοδον
953 2313 1088 2393 ἕξουσιν
1114 2313 1154 2386 είς

109 2424 249 2508 εοαύτήν
268 2425 462 2510 Ταρκύνιοι·
484 2424 698 2509 πειράσονται
717 2422 791 2507 γάρ,
815 2415 854 2486 εὖ
873 2427 952 2509 ίστε,
975 2418 1033 2485 καὶ
1047 2425 1154 2486 πειθοῖ

145 2528 201 2596 καὶ
229 2533 287 2616 βίᾳ
313 2528 369 2596 καὶ
397 2532 484 2618 δόλῳ
512 2527 567 2594 καὶ
594 2527 693 2594 παντὶ
721 2530 810 2616 ἄλλω
839 2529 950 2614 τρόπῳ
978 2531 1154 2612 παρελθεῖν

146 2635 247 2700 πάλιν
276 2633 329 2701 ἐπὶ
356 2637 417 2719 τήν
441 2637 657 2718 δυναστείαν,
686 2635 744 2700 ἐὰν
767 2636 811 2718 μή
835 2634 1083 2719 φυλαττώμεθα
1104 2631 1154 2696 αύ-

111 2741 234 2817 3τούς.
280 2739 382 2807 Ταυτὶ
409 2739 470 2826 μὲν
498 2736 561 2807 οὖν
584 2740 653 2807 ἐστι
676 2742 717 2807 τὰ
740 2739 877 2825 μέγιστα
900 2737 955 2806 καὶ
977 2739 1155 2824 κυριώτατα

148 2841 196 2912 ὧν
219 2846 299 2931 ὑμῖν
323 2847 360 2912 ἐν
382 2855 428 2935 τῷ
452 2849 592 2932 παρόντι
615 2844 725 2930 λέγειν
748 2849 810 2931 ἔχω
834 2843 889 2912 καὶ
910 2855 1099 2931 παραινεῖν·
1121 2843 1156 2907 τὰ

111 2951 185 3021 εεδέ
208 2955 290 3019 κατὰ
313 2952 411 3039 μέρος
434 2955 540 3018 πολλὰ
563 2955 643 3018 ὄντα
666 2951 722 3018 καὶ
746 2953 787 3018 οὐ
806 2949 906 3040 ῥᾴδια
925 2960 991 3017 νῦν
1011 2947 1056 3016 δι’
1074 2951 1183 3038 ἀκριχ

146 3064 237 3145 βείας
264 3059 496 3144 ἐξετασθῆναι·
534 3062 731 3143 συνήγμεθα
759 3059 823 3146 γὰρ
852 3060 899 3136 είς
926 3059 1047 3144 καιρὸν
1070 3056 1154 3136 ὀξύν·

221 3285 328 3338 θνατὰ
350 3282 453 3353 νόμους
476 3299 499 3339 ο.
522 3283 667 3352 Kiessling
757 3281 958 3354 θείργομένου
977 3284 1003 3338 Α
1040 3280 1155 3354 εἰργομέ-

151 3353 257 3411 νοοςΒ
334 3354 603 3418 θδποδείξανταΑ
639 3355 886 3426 ἀποδείξοβνταΒ
964 3360 999 3410 10
1017 3355 1154 3423 κελλερίαν

155 3419 177 3470 Α
231 3425 262 3470 11
283 3423 478 3542 μεσοβὲσιλεδς
495 3423 521 3474 R
554 3424 684 3546 βασιλεὺς
702 3424 725 3476 Β
741 3427 745 3494 Ι
762 3425 970 3494 συναγαγὼνΒ
1007 3423 1156 3496 ἀγαγὼνΒ

155 3491 188 3538 14
207 3487 335 3541 ἀναδότω
391 3491 498 3560 esslmg
516 3492 554 3544 du
574 3495 680 3548 ιεαιιλεε
753 3501 785 3549 18
804 3494 961 3565 οίκήοωμεν
980 3495 1003 3548 Β
