2384 3902
467 207 631 256 -Ε-
993 205 1057 270 237

50 371 166 453 λεμίων
190 371 269 445 τοὺς
291 365 433 452 πένητας
455 367 765 433 κατασκευάσωνται
784 375 827 452 τῇ
850 371 945 434 πόλει
967 366 1059 451 γενέ-

7 482 140 554 οοεσθαις
165 473 349 554 διεξελθὼν
368 471 405 540 δὲ
423 476 464 539 τά
482 473 593 552 ξενικά
606 475 855 560 παραδείγματα
867 479 1094 543 τελευταϊονό

50 583 103 646 τὸν
138 581 175 648 ἐκ
211 591 279 647 τῶν
312 581 498 668 ἐπιχωρίων
530 583 639 667 ἔργων
671 581 923 668 προσελάμβανε
955 586 1058 667 λόγον

50 687 305 773 ὑπομιμνήσκων
327 690 385 766 τὰς
407 691 548 774 ἔναγχος
569 689 799 773 κατασχούσας
816 689 940 766 αὐτοὺς
957 689 1059 773 ἀνάγ-

50 818 113 878 κας,
136 794 192 861 ὅτε
215 793 443 883 κρατουμένης
466 806 564 880 σφῶν
581 802 641 878 τῆς
657 795 767 881 χώρας
784 795 850 862 ὑπὸ
874 801 1086 883 Τυρρηνῶνῠ

50 904 204 988 τειχήρεις
235 905 411 988 γενόμενοι
442 901 498 968 καὶ
530 903 578 979 είς
607 903 738 986 πολλὴν
769 913 837 969 τῶν
867 902 1059 988 ἀναγκαίων

48 1009 263 1086 καταστάντες
287 1007 431 1094 ἀπορίαν
454 1009 515 1074 οὐκ
534 1011 634 1094 ἔσχον
653 1008 845 1095 ἀνθρώπων
864 1013 1059 1095 μεμηνότων

48 1111 97 1178 καὶ
129 1116 360 1182 θανατώντων
392 1115 556 1199 ἀνοήτους
588 1117 784 1202 λογισμούς,
817 1114 889 1183 ἀλλ’
916 1115 1061 1196 εἴξαντες

49 1230 112 1298 τοῖς
141 1220 320 1307 κατέχουσι
346 1231 476 1308 καιροῖς
503 1220 558 1288 καὶ
586 1224 647 1306 τὴν
677 1220 827 1307 ἀνάγκην
856 1224 1060 1290 διδάσκαλον

49 1337 110 1392 τῶν
132 1332 377 1414 συμφερόντων
399 1333 573 1414 λαβόντες,
598 1328 706 1416 ὅμηρα
728 1351 763 1395 τε
787 1330 908 1395 δοῦναι
930 1332 1064 1413 βασιλεῖ
1076 1347 1101 1388 1⁰

50 1437 199 1523 Πορσίνα
217 1438 298 1513 τοὺς
315 1435 597 1520 ἐπιφανεστάτους
614 1437 736 1513 παῖδας
753 1433 947 1521 ὑπέμειναν,
966 1436 1059 1501 ούπω

49 1542 208 1625 πρότερον
238 1550 339 1608 τοῦτο
370 1542 624 1627 ὑπομείναντες,
657 1538 712 1608 καὶ
744 1540 836 1628 μέρει
867 1551 925 1626 τῆς
951 1542 1061 1628 χώρας

51 1649 265 1732 ζημιωθῆναι,
288 1660 356 1715 τῶν
373 1643 477 1714 Ἑπτὰ
498 1649 614 1733 πάγων
639 1652 825 1734 Τυρρηνοῖς
848 1647 1060 1731 ἀποστάντες,

49 1751 100 1817 καὶ
128 1755 267 1839 δικαστῇ
294 1755 485 1841 χρήσασθαι
512 1763 557 1842 τῷ
586 1757 749 1842 πολεμίφ,
776 1751 853 1841 περὶ
875 1748 924 1820 ὧν
948 1754 1062 1831 αύτοϊς

50 1858 66 1923 ὁ
91 1861 257 1947 τύραννος
285 1860 447 1944 ἐνεκάλει,
476 1861 627 1938 διδόντες
654 1857 710 1925 καὶ
738 1859 865 1946 ἀγοράν
892 1858 948 1928 καὶ
976 1861 1061 1928 ὅπλα
1076 1876 1102 1918 1⁵

49 1963 100 2030 καλ
126 1961 240 2050 τᾶλλα,
269 1966 360 2032 ὅσων
386 1965 521 2033 ἐδέοντο
548 1963 719 2053 Τυρρηνοὶ
740 1976 923 2053 παρασχεῖν
945 1964 999 2033 έπλ
1021 1976 1061 2054 τῇ

49 2075 223 2139 καταλύσει
245 2082 307 2140 τοῦ
325 2071 482 2158 πολέμου.
518 2073 651 2150 τούτοις
669 2074 710 2156 δὴ
729 2084 801 2151 τοῖς
816 2074 1097 2159 παραύείγμασι4

50 2180 252 2266 χρησάμενος
275 2180 317 2246 οὐ
339 2187 398 2263 τῆς
420 2179 521 2263 αὐτῆς
544 2183 741 2266 φρονήσεως
759 2181 859 2265 ἔργον
878 2177 1062 2264 ἀπέφαινεν

50 2280 132 2351 εἶναι
163 2297 235 2364 τοῖς
267 2283 329 2371 μὲν
356 2290 528 2371 πολεμίοις
559 2282 636 2372 περὶ
664 2286 811 2370 μηθενὸς
839 2280 887 2350 ὧν
913 2284 1062 2369 ἠξίωσαν

9 2392 227 2477 οοεάντειπεϊν,
253 2403 324 2470 τοῖς
346 2391 378 2458 δ’
400 2392 529 2459 ἑαυτῶν
550 2395 701 2470 πολίταις
722 2389 798 2478 περὶ
821 2400 942 2478 μικροῦ
965 2398 1061 2460 πολε·
1076 2414 1103 2454 ιο

51 2511 122 2582 μεῖν
149 2502 333 2585 διαφόρου,
362 2502 398 2565 οἳ
421 2498 587 2584 πολέμους
614 2495 676 2583 μὲν
702 2497 912 2582 ἠγωνίσαντο
939 2502 1063 2577 καλούς

52 2603 103 2671 καὶ
129 2611 275 2684 πολλοὺς
297 2604 453 2691 περὶτῆς
475 2607 667 2691 ἡγεμονίας,
697 2605 750 2671 ὅτε
773 2617 925 2692 κατεῖχον
948 2607 984 2672 οί
1004 2610 1063 2691 βα-

52 2717 150 2791 σιλεῖς
176 2715 218 2779 τὰ
243 2713 357 2796 κοινά,
385 2712 533 2796 μεγάλην
557 2708 594 2778 δὲ
616 2715 812 2797 προθυμίαν
836 2713 883 2790 είς
904 2715 943 2779 τὸ
966 2730 1063 2782 συνε·

53 2823 257 2907 λευθερῶσαι
278 2820 341 2903 τὴν
363 2822 463 2886 πόλιν
481 2818 545 2884 ἀπὸ
564 2829 631 2884 τῶν
650 2819 826 2905 τυράννων
844 2819 1062 2907 παρέσχοντο,

54 2927 100 2990 ἔτι
116 2924 166 3018 Ιδέ
199 2928 339 2994 πλείονα
370 2924 575 3012 παρέξεσθαι
607 2926 759 3009 σπουδὴν
792 2929 931 3012 ἔμελλον
953 2930 1001 3004 είς
1023 2929 1102 2992 τάεε

123 3197 135 3244 1
159 3188 427 3271 κατασκευάσωνται
449 3189 474 3243 A
518 3137 790 3244 κατασκευάσάσθάύ
811 3189 835 3242 Β
858 3191 900 3258 (Η
921 3189 985 3244 add.
1004 3188 1063 3258 Bb)

56 3260 277 3316 κατασκευάσωσι
300 3260 405 3316 Re1ske
491 3260 616 3316 όότιΟ
654 3259 698 3316 ὅτε
722 3259 855 3315 Gelemus
938 3266 954 3314 8
979 3260 1064 3329 ἀνού-

55 3349 117 3394 τους
140 3332 202 3387 add.
221 3332 245 3385 B
338 3339 370 3387 13
390 3330 573 3388 ἀποστάντων
593 3334 613 3385 Β
707 3335 739 3385 16
759 3329 886 3395 διδόντες
905 3331 927 3385 Ο
949 3331 1065 3386 seclusit

56 3399 192 3472 Kiessling
279 3410 313 3458 16
332 3402 367 3458 τά
386 3403 497 3458 ἀλλαΒ
580 3410 615 3458 20
634 3400 666 3456 δὲ
685 3403 820 3457 αότῶνΒ
893 3404 1063 3476 21καλούς]

56 3472 184 3542 μεγάλους
201 3491 224 3530 c.
243 3474 389 3543 Kiessling
786 3489 789 3492 ’
1061 3509 1064 3516 ’
