2400 3912
40 195 186 259 Ὶ108
551 197 715 246 -Δ-

22 443 24 446 ¹
121 358 249 437 υἱωνὸν
273 351 359 422 εἶναι
382 365 443 421 τοῦ
462 352 618 441 Ἠγερίου
641 359 813 440 πείθομαι,
837 362 870 422 εί
889 379 927 440 γε
949 356 1012 439 τὴν
1036 355 1135 438 αὐτὴν

123 457 188 547 εἶχε
211 475 281 540 τοῖς
299 464 490 549 Ταρκυνίου
513 460 631 527 παισὶν
653 462 797 546 ἡλικίαν,
821 462 866 539 ὡς
887 463 1014 545 Φάβιός
1032 485 1068 526 τε
1087 461 1135 526 καλ

123 571 159 635 οί
185 569 296 637 λοιποὶ
324 580 529 655 συγγραφεῖς
556 569 847 655 παραδεδώκασιν·
885 568 902 634 ὁ
930 570 995 653 γὰρ
1021 571 1135 652 χρόνος

87 675 247 761 4ταύτην
271 701 328 760 μοι
350 678 412 760 τὴν
435 676 604 760 ὑπόληψιν
628 678 766 759 βεβαιοῖ.
802 675 820 740 ὁ
844 672 905 759 μὲν
930 670 993 739 οὖν
1012 678 1135 740 Κολλα-

96 794 214 860 ετϊνος
237 782 291 848 ἐπὶ
311 781 540 870 στρατοπέδου
558 784 632 848 τότε
651 782 700 846 ὢν
719 781 910 866 ἐτύγχανεν,
929 781 951 865 ἡ
972 778 1010 846 δὲ
1029 798 1135 846 συνοι-

123 899 229 954 κοῦσα
259 889 347 977 αὐτῷ
375 890 462 972 γυνὴ
482 883 641 973 Ῥωμαία,
669 890 882 973 Λουκρητίου
905 889 1060 972 θυγάτηρ
1085 887 1135 952 ἀν-

125 976 205 1080 δρὸς
224 995 418 1080 ἐπιφανοῦς,
438 994 577 1074 ἐξένιζεν
596 995 700 1060 αὐτὸν
719 996 764 1072 ὡς
781 1002 928 1079 συγγενῆ
942 1003 1004 1058 τοῦ
1019 993 1135 1078 ἀνδρὸς

124 1105 230 1185 πολλῇ
262 1103 437 1188 προθυμίᾳ
468 1124 503 1166 τε
535 1099 591 1166 καὶ
624 1102 873 1186 φιλοφροσύνη.
919 1101 1045 1183 ταύτην
1078 1101 1134 1182 τὴν

125 1218 267 1289 γυναῖκα
289 1209 469 1289 καλλίστην
493 1201 599 1272 οὖσαν
621 1217 689 1272 τῶν
713 1206 750 1272 ἐν
764 1204 870 1293 Ῥώμη
892 1217 1063 1290 γυναικῶν
1087 1203 1135 1270 καὶ

86 1332 112 1372 1⁰
126 1312 405 1399 σωφρονεστάτην
429 1313 640 1398 ἐπεχείρησεν
664 1313 682 1378 ὁ
703 1312 827 1391 Σέξτος
850 1314 1057 1397 διαφθεῖραι,
1082 1333 1135 1375 πα-

8 1481 9 1484 ,
125 1423 278 1506 λωίτερον
302 1416 363 1504 μὲν
382 1422 430 1485 ἔτι
449 1421 654 1504 εἰργόμενος,
677 1419 776 1485 ὁπότε
793 1420 970 1503 κατάγοιτο
989 1419 1079 1504 παρὰ
1095 1425 1134 1504 τῷ

126 1537 295 1610 συγγενεῖ,
323 1529 397 1592 τότε
425 1522 462 1590 δὲ
489 1527 608 1610 καιρὸν
636 1525 842 1609 ἁρμόττοντα
870 1526 1024 1609 οἰόμενος
1045 1527 1134 1609 ἔχειν.

90 1633 170 1709 ὅως
194 1629 231 1697 δὲ
254 1633 334 1716 μετὰ
356 1634 394 1696 τὸ
418 1633 557 1697 δεῖπνον
580 1631 710 1715 ἀπῆλθε
732 1634 976 1716 κοιμησόμενος
998 1631 1168 1715 ἐπισχὼνινε

125 1747 183 1819 τῆς
220 1740 339 1814 νυκτὸς
370 1741 456 1804 πολὺ
488 1737 603 1824 μέρος,
636 1737 749 1822 ἐπειδὴ
781 1739 964 1826 καθεύδειν
996 1739 1135 1812 ἅπαντας

86 1864 112 1904 15
127 1843 292 1928 ἐνόμιζεν,
325 1844 469 1922 άναστδις
499 1840 579 1928 ἧκεν
607 1842 660 1909 ἐπὶ
687 1846 725 1909 τὸ
755 1845 937 1928 δωμάτιον,
966 1843 1004 1910 ἐν
1032 1835 1135 1932 ᾦτὴυ

126 1953 340 2036 Λουκρητίαν
364 1949 438 2036 ᾔδει
460 1951 709 2034 καθεύδουσαν,
732 1949 788 2016 καὶ
810 1947 931 2017 Ιλαθὼν
952 1953 1032 2027 τοὺς
1054 1951 1135 2036 παρὰ

126 2067 197 2133 ταῖς
232 2056 357 2142 θύραις
392 2066 453 2122 τοῦ
491 2058 661 2141 δωματίου
697 2055 927 2142 κοιμωμένους
963 2056 1135 2142 εἰσέρχεται

126 2162 223 2246 ξίφος
246 2165 341 2247 ἔχων.
1137 2145 1141 2154 ’

193 2269 292 2335 LXV.
321 2267 474 2346 Ἐπιστὰς
502 2267 539 2335 δὲ
565 2277 605 2354 τῇ
633 2272 730 2356 κλίνη
755 2272 985 2356 διεγερθείσης
1007 2271 1073 2356 ἅμα
1092 2279 1134 2357 τῷ

87 2396 113 2435 2⁰
127 2387 279 2442 συνεῖναι
301 2378 361 2442 τὸν
384 2379 499 2460 ψόφον
522 2384 580 2459 τῆς
603 2378 762 2459 γυναικὸς
789 2375 844 2442 καὶ
871 2375 1133 2463 πυνθανομένης,

128 2482 219 2558 ὅστις
241 2489 303 2566 εἴη,
327 2483 458 2569 φράσας
480 2483 629 2567 τοῦνομα
653 2491 781 2548 σιωπᾶν
805 2482 934 2549 ἐκέλευε
956 2483 1012 2550 καὶ
1031 2483 1134 2569 με’νειν

128 2587 165 2653 ἐν
188 2596 233 2676 τῷ
258 2590 412 2675 δωματίῳ
436 2587 575 2672 σφάξειν
601 2588 706 2671 αὐτὴν
729 2587 918 2673 ἀπειλήσας,
942 2589 1001 2655 ἐὰν
1026 2591 1134 2674 ἐπιχει-

129 2697 214 2780 ρήση
234 2695 372 2778 φεύγειν
388 2692 408 2776 ἢ
424 2697 517 2776 βοᾶν.
546 2695 654 2782 τούτῳ
668 2696 958 2779 καταπληξάμενος
970 2704 1017 2784 τῷ
1032 2699 1132 2782 τρόπῳ

129 2801 190 2884 τὴν
213 2802 397 2886 ἄνθρωπον
421 2798 563 2886 αἱρέσεις
587 2801 670 2885 αὐτῇ
695 2801 757 2866 δύο
781 2802 990 2888 προύτεινεν,
1015 2797 1062 2868 ὧν
1081 2822 1133 2866 πο-

89 2925 115 2966 25
129 2905 229 2992 τέραν
261 2907 343 2990 αὐτη
376 2917 555 2992 προῃρεῖτο
588 2910 703 2990 λαβεῖν
734 2907 847 2992 ἠξίου,
884 2909 1037 2974 θάνατον
1067 2901 1129 2992 μετ’

201 3104 215 3151 1
228 3097 255 3154 εί
263 3067 292 3153 ελ
301 3117 326 3153 v.
338 3105 353 3152 2
365 3096 421 3168 εἶχε
432 3097 496 3152 εδδ.
507 3099 529 3152 Β
567 3103 601 3152 10
610 3099 801 3169 *παλαίτερον
816 3099 867 3170 μὲν
878 3096 1058 3171 ἐπειγόμενος
1066 3097 1132 3152 ABb

129 3186 157 3221 π.
178 3189 204 3237 μ.
225 3165 390 3239 ἐπιγόμενος
408 3170 453 3221 Ba
489 3188 518 3224 π.
537 3167 589 3238 μὲν
610 3167 650 3224 ἔτι
667 3171 839 3240 πειρώμενος
858 3187 881 3226 ο.
896 3170 1040 3240 Kiessling
1069 3188 1130 3237 πμ.

132 3235 170 3288 ἔτι
189 3237 265 3305 γλιχό
288 3258 350 3300 ενος
367 3237 538 3307 Grasberger
556 3239 632 3293 Τοεε.
647 3240 763 3309 Herbip.
782 3261 810 3310 p.
824 3247 857 3296 21
901 3261 930 3297 π.
946 3262 973 3312 μ.
990 3239 1030 3296 ἔτι
1048 3236 1132 3310 ὀρεγό-

132 3323 214 3371 μενος
228 3259 316 3360 Οοξόολ
330 3309 395 3386 Qbu.
409 3325 436 3375 p.
452 3313 485 3386 βό
518 3328 547 3362 π.
562 3306 614 3377 μὲν
630 3307 670 3364 ἔτι
684 3309 844 3382 εἰργόμενος
858 3328 911 3380 ego
966 3318 1001 3366 20
1016 3309 1132 3365 συνιέναι

134 3373 581 3445 0.ReudlerT1roc.cr1t.p.35
640 3385 673 3432 21
694 3376 845 3436 ἐκίλευεΒ
884 3379 1054 3436 ἔκέλευσελλ
1100 3385 1132 3432 24

135 3435 174 3493 ὧν
193 3440 330 3510 ὁποτέραν
349 3443 528 3498 Oasaubonus
601 3453 635 3501 25
653 3457 816 3519 προαιροῖτο
835 3468 857 3506 ο.
879 3451 1001 3521 sylburg
