2394 3912
141 193 207 260 380
570 193 732 246 -5-

207 354 408 420 LXXVIIII.
432 352 590 440 Πολέμου
610 351 648 420 δὲ
663 349 839 422 πολιτικοῦ
853 355 899 432 ὡς
912 356 1054 432 ἅπαντες
1069 361 1153 420 ίσασι
1192 389 1193 398 ¹

140 462 257 528 κύκνον
280 471 389 548 χρῆμα
411 459 524 545 οὐδέν,
549 461 586 526 ἐν
610 452 636 549 ᾧ
659 462 700 526 τδ
723 458 786 546 μὲν
803 458 1019 547 κρατηθέντα
1037 463 1155 548 ἀτυχεῖ,

140 569 180 632 τδ
208 563 246 633 δὲ
272 569 482 652 κρατήσαντα
510 565 634 649 ἀδικεῖ,
663 563 719 631 καὶ
746 569 895 651 περίεστι
917 577 988 645 τοῖς
1012 564 1075 653 μὲν
1096 570 1155 639 ὑπὸ

140 685 209 742 τῶν
236 675 405 760 φιλτάταν
433 673 660 756 ἀπόλλυσθαι,
688 684 759 751 τοῖς
787 670 824 740 δὲ
851 676 893 740 τὰ
920 673 1065 759 φίλτατα
1095 678 1156 740 διο-

114 781 244 848 ελόσαι.
290 779 343 846 ἐπὶ
374 781 543 858 τοιαύταις
574 777 617 863 δὴ
649 782 765 865 τύχαις
795 779 851 846 καί
881 779 1077 868 συμφοραῖς
1100 783 1156 847 οὐκ

142 889 308 964 εὐκταίαις
330 888 411 971 μήτε
433 887 539 970 ὑμεῖς,
562 881 588 952 ὦ
611 889 789 972 πατρίκιοι,
813 891 943 952 καλεῖτε
960 887 1060 971 ημᾶς,
1085 885 1155 972 μήτε

142 994 236 1079 ἡμεῖς
258 994 372 1070 αὐτοῖς
394 992 625 1077 ὑπακούωμεν,
650 989 676 1058 ὦ
695 989 849 1078 δημόται,
872 990 961 1077 ἀλλ’,
984 994 1030 1070 ὡς
1050 993 1193 1080 διῄρηιιι

143 1124 202 1166 κεν
224 1101 309 1184 ἡμᾶς
332 1095 388 1165 ἀπ’
411 1099 565 1183 ἀλλήλων
586 1100 607 1183 ἡ
631 1101 714 1184 τύχη
722 1105 736 1182 ,³
756 1097 955 1184 στέργωμεν.
998 1099 1155 1184 ἐχέτωσαν

144 1204 206 1291 μὲν
228 1201 333 1292 <ούν>
361 1201 456 1271 οὗτοι
482 1205 544 1288 τὴν
571 1207 671 1271 πόλιν
698 1206 782 1291 ὅλην
809 1204 865 1271 καλ
890 1207 1156 1291 καρπούσθωσαν

105 1336 131 1375 ιο
144 1313 239 1398 ἡμῶν
267 1314 343 1397 δίχα
371 1309 517 1377 καὶτῶν
540 1313 651 1376 ἄλλων
674 1311 815 1395 ἀγαθῶν
838 1311 998 1378 λιπόντων
1020 1313 1155 1378 ἀπολαυ-

144 1420 271 1485 έτωσαν
304 1422 418 1504 μόνοι,
451 1421 531 1495 τοὺς
561 1421 738 1496 ταπεινοὺς
764 1417 821 1484 καὶ
848 1418 993 1498 ἀδόξους
1020 1421 1157 1504 δημότας

144 1527 340 1610 ἐκβαλόντες
363 1526 399 1591 ἐκ
417 1533 475 1608 τῆς
493 1527 666 1611 πατρίδος·
700 1523 1041 1611 ἀπαλλαττώμεθαδ’
1063 1529 1155 1613 ἡμεῖς,

145 1634 221 1699 ὅποι
239 1630 313 1700 ποτ’
331 1631 373 1698 δν
392 1633 478 1716 ἡμᾶς
496 1632 514 1697 δ
534 1633 663 1716 δαίμων
681 1633 745 1718 ίίμη
764 1634 1070 1719 τόπονάλλότριον
1084 1635 1156 1700 ἐκλι-
1192 1705 1193 1710 1

109 1745 220 1807 2πεῖν
242 1743 452 1825 νομίσαντες,
476 1739 517 1804 οὐ
539 1741 639 1804 πόλιν
663 1741 761 1806 ίδίαν.
800 1741 877 1806 οὔτε
900 1743 964 1826 γὰρ
983 1740 1084 1824 ημῶν
1100 1764 1155 1804 τινι

105 1867 130 1907 15
145 1846 269 1912 ἐνθάδε
287 1848 501 1913 ὑπολείπεται
518 1852 640 1932 κλῆρος
658 1856 718 1930 γῆς
737 1847 814 1912 οὔτε
832 1855 991 1935 πατρῶον
1008 1847 1155 1932 Ιἐφέστιον

145 1954 222 2019 οὔτε
246 1953 319 2040 ίερὰ
341 1956 438 2020 κοινὰ
461 1954 537 2020 οὔτε
561 1953 617 2031 όξί
616 1977 689 2037 ωμα
712 1954 758 2030 ῶς
778 1953 815 2018 ἐν
834 1949 1030 2084 πατρίδι,
1007 1979 1059 2019 ων
1077 1977 1154 2038 περι

145 2057 297 2145 εχόμ-ενοι
321 2058 610 2145 φιλοχωροῖμεν
591 2083 633 2124 αν
655 2057 710 2124 καλ
734 2061 824 2143 παρὰ
847 2061 987 2146 γνώμην
1007 2039 1192 2145 [μένειν],

145 2164 216 2233 ἀλλ’
240 2162 313 2233 οὐδ’
335 2167 355 2250 η
382 2168 564 2252 [μετὰτῶν
587 2166 712 2248 ὅπλων]
732 2177 803 2243 τοῖς
826 2165 956 2251 σώμασι
981 2171 1066 2253 μετὰ
1087 2174 1154 2234 πολ-

145 2280 215 2340 λῶν
237 2277 351 2340 πόνων
375 2274 563 2358 ἐλευθερία·
595 2270 665 2339 ἐπεὶ
688 2273 728 2337 τδι
751 2269 872 2356 μδνοί
887 2272 1008 2340 πολλοὶ
1027 2278 1154 2358 πόλεμον

105 2401 132 2442 ιο
147 2379 359 2466 διέφθειραν,
383 2382 422 2445 τδι
434 2375 479 2444 ’δ’
496 2379 516 2462 ἡ
536 2389 603 2443 τῶν
626 2375 704 2444 καθ’
726 2378 853 2465 ἡμέραν
872 2380 1067 2464 ἀναγκαίων
1085 2380 1153 2445 σπιλ-

145 2513 198 2567 νις
221 2487 418 2570 ἐξανηλωσε,
440 2486 481 2550 τὰ
505 2482 535 2550 δ’
555 2485 623 2556 ,ὑπὸ
646 2496 714 2550 τῶν
731 2485 1153 2569 ὑπερηφάνωνδανειστῶν

145 2596 274 2672 τούτων
307 2591 541 2680 ἀφῃρέθημεν·
578 2583 631 2668 οἷς
659 2591 1190 2676 τελευτῶντες·ἠναγκαζόμεθα1·ὶλ

145 2706 224 2780 τοὺς
247 2701 375 2768 ἑαυτῶν
392 2697 539 2785 κλήρους
554 2699 592 2762 οί
608 2700 750 2764 δείλαιοι
767 2708 939 2809 χεωργεῑν,
964 2697 1153 2774 σκύπτοντες

147 2812 349 2896 φυτεύοντες
372 2807 545 2891 ἀροῦντες
542 2809 706 2888 ποίμνια
714 2803 871 2889 νέμοντες
892 2804 1076 2888 ὁμόδουλοι
1093 2815 1152 2880 τοῖς

105 2938 131 2980 ιε
147 2920 276 2985 ἑαυτῶν
300 2916 506 3043 δορικτητοις
529 2910 754 2997 ἀνδραπόδοις
777 2914 881 2994 ὄντες,
909 2935 941 2977 οι
935 2909 1028 2996 μὲν
1048 2912 1151 2976 ἁλύσει

218 3099 233 3146 9
254 3086 305 3146 οὖν
320 3090 384 3144 add.
399 3086 543 3157 Kiessling
600 3094 632 3141 12
648 3082 828 3159 ἐκβάλλοντες
841 3085 888 3140 Ba
904 3093 908 3150 Ι
925 3085 1151 3156 ἀπαλλαττόμεθα

146 3181 169 3232 Β
234 3185 267 3233 16
286 3175 481 3246 περιεχόμενοι
498 3195 564 3245 περι
565 3176 695 3265 εχόμενοι
713 3173 759 3228 Bb
827 3181 859 3228 17
880 3173 978 3245 μένειν
997 3175 1047 3230 del.
1068 3175 1150 3228 Κίεεε-

146 3249 209 3371 Ιτὶας
264 3255 297 3300 18
316 3248 445 3315 *νόμαια
435 3266 500 3299 ιακ
481 3246 512 3300 αλ
531 3265 600 3315 μετα
619 3245 714 3301 πόνων
729 3249 904 3314 κτηθεᾞοαο
921 3247 1042 3316 Sylburg
1076 3243 1150 3314 ἡδιδ

148 3328 204 3372 τῶν
229 3317 303 3370 ὅπλα
282 3337 321 3370 ων
344 3316 415 3385 μετὰ
396 3321 541 3370 απολλῶν
559 3315 615 3372 πόν
598 3337 656 3371 νων
676 3320 828 3386 ζητηδεισα
810 3313 910 3371 αὲλυε
911 3323 966 3388 δερ
968 3320 1038 3372 luc.
1055 3316 1151 3370 Reiske

149 3387 246 3454 μετδιτ
248 3385 377 3439 όνιιωόπλ
357 3407 395 3440 ων
409 3404 489 3439 unc1s
500 3387 602 3440 seelu1
638 3395 671 3441 λλ
687 3388 760 3458 ηναη
725 3390 815 3453 ακαζ
800 3340 1021 3456 ζόμεθαΒοίελιε
1039 3389 1093 3441 ἀνα
1075 3406 1151 3456 α-ηνα

149 3407 256 3521 ζόμεδα
248 3407 298 3507 ωΟ
362 3460 395 3508 25
415 3455 552 3511 διόλσειΟ
590 3457 703 3512 ἁλύσεσι
722 3459 793 3513 duce
811 3458 969 3515 Reiskioc.
989 3457 1126 3526 Κιοεελίας
