2384 3902
446 227 611 276 -Ε-
975 225 1041 290 205

36 411 129 473 ρακας
155 386 337 472 ἀμφότεροι
364 389 485 474 μικρὸν
512 385 694 473 ἀπέχοντας
722 387 876 472 ἀλλήλων
894 385 1042 475 Ἠρήτου

35 497 161 578 πόλεως,
184 494 204 578 ή
227 503 289 560 τοῦ
313 494 474 578 Σαβίνων
497 492 589 560 ἐστὶν
612 496 751 579 ἔθνους,
776 494 818 560 οὐ
840 497 965 580 πρόσω.

93 600 276 668 XXXXVI.
306 597 362 678 Ὡς
386 597 423 667 δὲ
445 603 604 668 συνεῖδον
628 600 811 687 ἀμφότεροι
833 603 875 666 τὰ
897 611 965 668 τῶν
982 623 1043 668 πο-

35 712 147 793 λεμίων
179 708 370 794 πράγματα,
402 715 448 797 τῷ
480 731 516 774 τε
548 707 684 794 μεγέθει
712 718 781 774 τῶν
808 708 1043 795 στρατοπέδων

35 815 214 893 εἰκάσαντες
236 812 292 881 καὶ
314 810 393 901 παρ’
415 816 632 901 αἰχμαλώτων
656 815 869 900 ἀκούσαντες,
892 825 963 893 τοῖς
980 811 1065 899 μενι

35 925 187 1006 Σαβίνοις
215 922 345 1010 θάρσος
371 922 519 1006 παρέστη
546 920 603 988 καὶ
624 924 874 1009 καταφρόνησις
896 930 954 1006 τής
975 933 1043 988 τῶν

34 1033 193 1114 πολεμίων
222 1029 429 1115 ὀλιγότητος,
456 1040 527 1108 τοίς
551 1025 588 1095 δέ
606 1025 780 1115 Ῥωμαίοις
802 1027 878 1106 δέος
899 1029 984 1115 πρὸς
1005 1029 1043 1094 τὸ

33 1146 92 1201 τῶν
110 1135 424 1221 ἀντιπολεμούντων
442 1140 586 1220 πλῆθος·
615 1135 809 1223 ἐθάρρησαν
828 1131 866 1201 δὲ
884 1133 941 1200 καλ
957 1133 1043 1220 (οὐ)

34 1244 141 1328 μικρὰς
171 1242 307 1321 ἐλπίδας
332 1240 417 1329 ὑπὲρ
445 1251 503 1327 τής
529 1246 625 1326 νίκης
647 1245 770 1327 ἔλαβον
793 1243 905 1313 ἀλλων
928 1265 963 1308 τε
986 1257 1045 1325 ση-

34 1353 126 1433 μείων
149 1349 343 1434 γενομένων
366 1352 464 1434 σφίσι
486 1347 707 1435 θεοπέμπτων
726 1347 782 1415 καὶ
800 1349 842 1433 δή
860 1347 917 1414 καὶ
934 1353 1044 1414 τελευ-
1055 1369 1080 1409 ιο

35 1459 121 1522 ταίου
145 1457 335 1542 φάσματος,
359 1457 414 1523 ὅτε
437 1457 705 1542 παρατάττεσθαι
728 1458 878 1540 ἔμελλον,
901 1455 1043 1521 τοιοῦδε.
1149 1461 1155 1474 ’

14 1561 66 1628 λοίκ
92 1574 162 1630 τῶν
193 1563 497 1648 καταπεπηγμένων
529 1564 619 1649 παρά
650 1573 722 1640 ταῖς
751 1572 889 1646 σκηναῖς
915 1560 1080 1627 ὑσσῶν2

37 1672 96 1735 ἔστι
120 1668 286 1737 δὲταῦτα
308 1668 389 1754 βέλη
408 1665 595 1754 Ῥωμαίων,
623 1668 644 1734 ἀ
668 1671 841 1746 συνιόντες
864 1669 912 1745 είς
934 1677 1046 1755 χεῖρας
1135 1664 1150 1674 '

37 1775 284 1860 ἐξακοντίζουσι,
306 1775 390 1856 ξύλα
411 1777 565 1864 προμήκη
588 1798 624 1842 τε
644 1773 699 1841 καὶ
717 1778 923 1862 χειροπλήθη
943 1785 1046 1861 τριῶν

37 1883 89 1969 οὐχ
106 1879 209 1969 ήττον
227 1885 343 1950 ποδῶν
362 1885 523 1970 σιδηροῦς
541 1883 736 1967 ὀβελίσκους
750 1885 868 1968 ἔχοντα
881 1883 1082 1970 προῦχον-ιι

37 2013 86 2068 τας
116 1989 188 2057 κατ’
222 1991 362 2057 εὐθεῖαν
393 1989 430 2056 έκ
460 1988 609 2076 θατέρου
640 2000 708 2056 τῶν
741 1991 869 2076 ἀκρων,
902 1992 1048 2076 μετρίοις

38 2096 195 2176 ἀκοντίοις
219 2104 275 2164 ίσα
298 2101 362 2164 σὺν
384 2105 430 2186 τῷ
454 2098 597 2186 σιδήρφ·
629 2096 666 2164 έκ
687 2097 817 2163 τούτων
841 2096 883 2180 δή
902 2106 970 2162 τῶν
988 2097 1048 2162 ὑσ-

38 2215 97 2270 σῶν
115 2204 194 2292 περὶ
213 2216 285 2282 τοῖς
302 2207 417 2292 ἄκροις
430 2216 498 2271 τῶν
512 2205 695 2290 ὀβελίσκων
711 2207 834 2289 φλόγες
847 2202 1047 2287 ἀνήπτοντο,

36 2309 83 2376 καὶ
105 2309 150 2379 δι’
174 2312 257 2379 ὅλου
275 2321 336 2379 τοῦ
355 2309 584 2399 στρατοπέδου
601 2315 640 2380 τὸ
659 2310 757 2389 σέλας
774 2306 829 2395 ήν,
852 2310 964 2395 ὥσπερ
983 2307 1047 2375 ἀπὸ

37 2419 221 2505 λαμπάδων,
243 2417 299 2486 καὶ
321 2418 458 2506 κατέσχε
479 2425 539 2504 τῆς
560 2421 681 2496 νυκτὸς
704 2415 757 2484 ἐπὶ
779 2419 875 2484 πολύ.
912 2416 949 2483 έκ
966 2384 1084 2512 τού-,Ξ

37 2547 89 2592 του
109 2525 294 2612 κατέλαβον
317 2535 378 2593 τοῦ
400 2526 588 2613 φάσματος,
616 2527 727 2613 ὥσπερ
751 2527 787 2594 οί
805 2527 1043 2612 τερατοσκόποι

40 2631 219 2720 ἀπέφαινον
237 2631 293 2700 καὶ
311 2643 414 2700 πᾶσιν
432 2633 626 2720 ἀνθρώποις
645 2636 828 2718 συμβαλεῖν
848 2632 889 2699 οὐ
905 2634 1050 2718 χαλεπὸν

40 2734 91 2824 ἦν,
121 2741 172 2807 ότι
200 2745 299 2826 νίκην
328 2741 443 2819 αὐτοῖς
468 2750 603 2827 ταχείαν
630 2739 685 2807 καὶ
713 2743 868 2827 λαμπρὰν
896 2742 1050 2826 σημαίνει

42 2848 73 2912 τὸ
103 2849 297 2934 δαιμόνιον,
329 2848 505 2936 ἐπειδήπερ
537 2849 627 2914 ἅπαν
659 2854 740 2916 είκει
766 2848 856 2936 <τςό>
887 2845 969 2934 πυρὶ
995 2845 1052 2914 καὶ

42 2952 132 3022 οὐδὲν
161 2957 180 3022 ὅ
207 2980 240 3021 τι
268 2956 330 3042 οὐχ
357 2957 423 3022 ὑπὸ
450 2965 511 3022 τοῦ
534 2956 640 3042 πυρὸς
663 2957 905 3044 διαφθείρεται.
950 2964 1050 3021 τοῦτο
1061 2971 1087 3012 25

42 3058 67 3123 δ’
88 3064 135 3128 ὅτι
153 3061 191 3129 έκ
209 3072 279 3128 τῶν
298 3062 513 3149 ἀμυντηρίων
532 3062 646 3140 αὐτοῖς
664 3062 779 3128 ὅπλων
798 3062 948 3146 ἀνήφθη,
970 3063 1051 3146 μετὰ

45 3219 540 3348 ιπέά“βὲἕιέΒ“ιδί“”ἲέλ
560 3221 730 3347 ιλίλῗλὲ
745 3218 1051 3347 μάλλλὲλλᾱκ““ἕξι

47 3363 202 3434 συμβάλλειν
222 3364 245 3417 Β
276 3311 370 3419 ’1)’23
389 3364 566 3436 σημ<αί>νει
589 3313 652 3417 Bb?
727 3368 762 3418 24
779 3369 817 3434 τῷ
837 3313 902 3418 aeid.
920 3361 1025 3418 Reiske
1047 3364 1050 3436 ή

46 3435 170 3560 χορλΑκχά
193 3436 259 3490 add.
279 3436 324 3489 Ba
413 3442 448 3490 26
468 3434 512 3489 ὅτι
535 3434 555 3488 0
578 3435 612 3489 cf.
638 3433 762 3489 Sintenis
786 3435 847 3490 Em.
871 3434 953 3491 Dion.
973 3435 1000 3488 II
1019 3440 1052 3490 15

62 3523 86 3557 τε
