2394 3912
492 203 653 255 ..ς-

61 359 122 426 καὶ
143 361 220 448 περί
238 363 362 440 παντὸς
380 360 539 441 θέλοντες
557 365 600 448 μὴ
619 371 789 430 κινεῖσθαι
808 364 844 432 έκ
863 375 924 432 τοῦ
941 368 1085 450 πατρίου

61 470 195 554 κόσμου
216 470 279 554 την
297 471 468 537 πολιτείαν
487 469 703 556 ἀποροῦντες,
727 472 746 538 ὅ
764 493 796 536 τι
809 474 997 557 ,χρήσονται
1015 483 1085 550 τοῖς

2 585 227 662 .169παροῦσι,
255 573 462 660 μεταθέσθαι
488 573 549 661 μέν
573 577 636 644 οὐκ
658 578 827 658 ἀξιοῦντες
849 580 907 656 τάς
929 577 1085 664 προαιρέ-

60 699 150 765 σεις,
184 680 297 767 μένειν
326 676 357 748 δ’
384 680 438 750 έπί
469 694 538 750 τῶν
570 682 790 770 ἐγνωσμένων
817 686 859 752 οὐ
888 686 1083 770 δυνάμενοι·

61 789 100 854 οί
120 783 154 854 δ’
176 786 329 876 ἀκέραιοί
346 813 382 855 τε
404 786 461 856 καὶ
482 800 551 856 τῶν
573 790 722 858 στάσεων
741 790 900 880 οὐθετέρα
919 797 1110 877 συμφιλο-5

60 905 255 973 νεικοῦντες
278 897 415 982 εἰρήνην
438 898 533 981 άγειν
556 900 757 983 βουλόμενοι
774 897 830 965 καὶ
849 899 937 977 ὅπως
956 900 1000 983 μὴ
1019 920 1082 964 τει·

53 1005 178 1097 Ιχαίρεις
209 1004 342 1069 ἔσονται
375 1013 513 1069 σκοπεῖν
544 1001 723 1098 άξιοῦντες.
769 1013 895 1088 σιωπῆς
923 1001 960 1070 δέ
988 1005 1118 1088 ravo-2

60 1107 167 1194 μένης
193 1109 211 1175 ὁ
233 1109 458 1196 πρεσβύτερος
479 1119 546 1175 τῶν
568 1110 706 1176 ὑπάτων
729 1109 905 1188 ἐπαινέσας
927 1112 987 1177 τὸν
1010 1115 1082 1177 Με-

59 1219 187 1300 νήνιον
218 1225 276 1300 της
307 1217 556 1300 γενναιότητος,
588 1212 644 1282 καὶ
671 1218 750 1296 τοὺς
776 1219 915 1294 λοιποὺς
942 1215 1085 1295 ἀξιώσας

60 1321 205 1405 ὁμοίους
231 1321 347 1411 ἐκείνω
375 1320 749 1407 γενέσθαικηῦεμόνας
776 1321 934 1406 λέγοντάς
960 1345 995 1390 τε
1021 1324 1083 1389 ὅσα
1099 1342 1124 1382 10
1162 1307 1170 1322 ⁰

60 1437 234 1514 φρονοῦσι
262 1429 342 1512 μετά
364 1431 551 1514 παρρησίας
573 1426 629 1494 καὶ
652 1431 856 1514 πράττοντας
880 1430 956 1514 δίχα
980 1431 1084 1495 ῦκνου

60 1537 103 1602 τά
128 1534 284 1617 δόξαντα,Ι
307 1535 469 1620 θοώτερον·
484 1533 593 1601 ἐκάλει
611 1536 672 1600 τὸν
691 1534 937 1622 αὐτὸντρόπον
955 1533 988 1614 έξ
1008 1535 1083 1600 ὀνό-

62 1664 181 1727 ματος,
200 1641 302 1722 ἀξιῶν
319 1642 457 1728 γνώμην
471 1640 723 1726 ἀποφήνασθαι,
742 1643 880 1709 Μάνιον
896 1640 1083 1726 Οὐαλέριον

61 1749 216 1832 ἀδελφὸν
248 1739 309 1814 τοῦ
342 1748 698 1839 συνελευθερώσαντος
730 1749 794 1814 άπὸ
822 1759 890 1816 τῶν
917 1746 1083 1831 βασιλέων

60 1857 128 1938 τὴν
150 1857 262 1938 πόλιν,
285 1855 393 1939 ἄνδρα
415 1851 492 1940 παρ’
515 1854 694 1920 ὁντιναοῦν
713 1865 779 1920 τών
799 1855 1081 1940 ἀριστοκρατικῶν
1097 1873 1122 1914 15

60 1970 110 2050 τῷ
136 1963 230 2049 ὃημηο
253 1959 502 2047 κεχαρισμένον.
856 1937 866 1978 ⁸

132 2067 251 2132 LVIII.
275 2065 332 2144 Ὃς
354 2067 498 2145 ἀναστάς
520 2078 654 2154 πρῶτον
675 2068 903 2153 ὑπεμίμνησκε
923 2067 985 2149 τὴν
1004 2069 1083 2148 βου-

61 2177 128 2258 λὴν
151 2185 220 2240 τών
244 2175 341 2240 ἰδίων
362 2174 624 2260 πολιτευμάτων,
647 2172 704 2239 καὶ
726 2173 777 2238 ὅτι
799 2173 958 2249 πολλάκις
978 2172 1083 2238 αὐτοῦ

61 2271 290 2368 προλέγοντος
316 2281 357 2345 τά
385 2280 548 2364 μέλλοντα
574 2282 807 2363 συμβησεσθαι
829 2280 924 2344 θεινὰ
948 2275 992 2343 δι’
1015 2278 1090 2343 ὀλι-

12 2390 191 2473 ῖτογωρίας
220 2385 417 2471 ἐποιήσαντο
450 2389 529 2464 τοῦς
562 2389 697 2470 λόγους·
733 2387 844 2450 ἔπειτα
876 2383 972 2467 ἠξίου
1004 2387 1082 2461 τοὺς
1096 2404 1122 2444 εο

64 2492 346 2578 ἐναντιουμένους
371 2503 444 2570 ταῖς
467 2495 660 2576 διαλλαγαῖς
683 2493 728 2577 μη
751 2490 916 2576 περὶτῶν
940 2493 1083 2576 μετρίων

63 2612 133 2668 νῦν
161 2605 285 2686 ζητεῖν,
312 2597 385 2666 ἀλλ’
407 2597 479 2665 ἐπεὶ
505 2601 567 2682 την
595 2599 712 2665 στάσιν
736 2598 798 2664 οῦκ
820 2603 936 2664 είασαν
960 2597 1083 2685 έξαιρε-

63 2715 188 2791 θῆναι,
215 2706 314 2790 ηνίκα
342 2705 442 2790 μικρά
469 2700 522 2788 ἦν·
540 2707 588 2770 ἔτι
614 2712 654 2789 τῇ
681 2707 777 2771 πόλει
803 2705 843 2768 τά
867 2701 1083 2787 διαφέροντα,

64 2823 132 2880 νῦν
154 2813 196 2897 γε’
215 2837 268 2880 τοι
286 2822 435 2895 σκοπεῖν,
459 2812 547 2889 ὅπως
566 2813 622 2877 διά
640 2809 766 2895 ταχέων
784 2811 946 2877 παύσεται
964 2808 1020 2902 καί
1038 2811 1082 2894 μη

142 3047 157 3096 1
181 3041 236 3112 πρὸ
258 3040 365 3102 παντὸς
387 3057 410 3094 ο,
429 3039 559 3095 Hertlein
576 3039 694 3094 Hermes
712 3037 738 3091 X
757 3043 810 3092 416
833 3036 869 3092 cf.
887 3036 984 3107 'Iegge
1002 3055 1029 3107 p.
1050 3043 1090 3092 18

66 3115 171 3182 καίπερ
189 3111 303 3175 πάντας
320 3128 343 3166 c.
363 3111 395 3165 K.
416 3111 442 3166 S.
458 3112 565 3165 Kontos
578 3110 680 3165 Athen.
695 3109 721 3163 V
736 3115 786 3165 508
804 3112 807 3178 I
825 3105 993 3171 έθέλονταςῖ
1050 3115 1083 3162 10

65 3205 97 3240 τε
121 3183 172 3239 καί
195 3181 289 3238 ὅσαΒ
362 3188 395 3236 12
416 3180 552 3252 ἓτερονΟ
590 3181 722 3251 δεύτερον
741 3179 884 3248 KIessling
957 3185 989 3234 17
1008 3187 1084 3248 πρώ-

66 3276 118 3312 τον
137 3253 188 3325 μὲν
208 3271 231 3310 ο,
250 3253 375 3310 Reudler
393 3253 481 3308 Τίτου.
501 3270 527 3322 p.
543 3255 578 3308 48
647 3257 679 3306 21
700 3260 749 3306 τοῦ
769 3253 881 3322 μετρίου
901 3250 924 3305 0
961 3258 1017 3306 τών
1036 3269 1084 3320 με·

45 3345 47 3350 ·
66 3329 155 3417 τρίτον
173 3342 196 3380 ο.
217 3325 390 3394 Grasberger
407 3324 626 3449 Philqlokguff
641 3325 739 3448 g(1869)
757 3329 856 3448 ρᾶᾑῖῦῦΙ
885 3326 946 3446 Βῦῦ
967 3316 1084 3448 έτιῖλῧτηρ

67 3415 168 3525 κα
187 3394 224 3464 ν
241 3397 275 3522 ι
294 3394 515 3522 τινας
532 3393 774 3534 ,τινας
1048 3412 1084 3446 ι
