<?xml version="1.0" encoding="UTF-8"?>
<!DOCTYPE html PUBLIC "-//W3C//DTD XHTML 1.0 Transitional//EN"
    "http://www.w3.org/TR/xhtml1/DTD/xhtml1-transitional.dtd">
<html xmlns="http://www.w3.org/1999/xhtml" xml:lang="en" lang="en">
 <head>
  <title>
</title>
<meta http-equiv="Content-Type" content="text/html;charset=utf-8" />
  <meta name='ocr-system' content='tesseract 3.04.00' />
  <meta name='ocr-capabilities' content='ocr_page ocr_carea ocr_par ocr_line ocrx_word'/>
</head>
<body>
  <div class='ocr_page' id='page_1' title='image "./antiquitatumrom01jacogoog_0213.png"; bbox 0 0 2384 3902; ppageno 0'>
   <div class='ocr_carea' id='block_1_1' title="bbox 125 219 720 285">
    <p class='ocr_par' dir='ltr' id='par_1_1' title="bbox 125 219 720 285">
     <span class='ocr_line' id='line_1_1' title="bbox 125 219 720 285; baseline -0.005 0"><span class='ocrx_word' id='word_1_1' title='bbox 125 219 191 285; x_wconf 82' lang='lat'><strong><em>202</em></strong></span> <span class='ocrx_word' id='word_1_2' title='bbox 554 221 720 270; x_wconf 85' lang='grc' dir='ltr'><strong><em>-Ε-</em></strong></span> 
     </span>
    </p>
   </div>
   <div class='ocr_carea' id='block_1_2' title="bbox 91 377 1164 2711">
    <p class='ocr_par' dir='ltr' id='par_1_2' title="bbox 91 377 1164 2711">
     <span class='ocr_line' id='line_1_2' title="bbox 122 377 1120 468; baseline -0.006 -20"><span class='ocrx_word' id='word_1_3' title='bbox 122 380 284 468; x_wconf 76' lang='grc' dir='ltr'><strong><em>Ἀγρίππα</em></strong></span> <span class='ocrx_word' id='word_1_4' title='bbox 307 384 483 465; x_wconf 84' lang='grc' dir='ltr'><strong><em>Μενηνίου</em></strong></span> <span class='ocrx_word' id='word_1_5' title='bbox 505 388 567 446; x_wconf 84' lang='grc' dir='ltr'><strong><em>τοῦ</em></strong></span> <span class='ocrx_word' id='word_1_6' title='bbox 590 377 772 464; x_wconf 77' lang='grc' dir='ltr'><strong><em>λεγομένου</em></strong></span> <span class='ocrx_word' id='word_1_7' title='bbox 796 379 956 444; x_wconf 79' lang='grc' dir='ltr'><strong><em>Λανάτου</em></strong></span> <span class='ocrx_word' id='word_1_8' title='bbox 977 380 1062 460; x_wconf 81' lang='grc' dir='ltr'><strong><em>τρίτη</em></strong></span> <span class='ocrx_word' id='word_1_9' title='bbox 1082 379 1120 460; x_wconf 77' lang='grc' dir='ltr'><strong><em>γί</em></strong></span> 
     </span>
     <span class='ocr_line' id='line_1_3' title="bbox 126 483 1151 574; baseline -0.003 -19"><span class='ocrx_word' id='word_1_10' title='bbox 126 513 219 556; x_wconf 89' lang='grc' dir='ltr'><strong><em>νεται</em></strong></span> <span class='ocrx_word' id='word_1_11' title='bbox 242 491 402 574; x_wconf 80' lang='grc' dir='ltr'><strong><em>Σαβίνων</em></strong></span> <span class='ocrx_word' id='word_1_12' title='bbox 430 487 565 572; x_wconf 77' lang='grc' dir='ltr'><strong><em>εἰσβολὴ</em></strong></span> <span class='ocrx_word' id='word_1_13' title='bbox 595 489 721 571; x_wconf 77' lang='grc' dir='ltr'><strong><em>μείζονι</em></strong></span> <span class='ocrx_word' id='word_1_14' title='bbox 748 493 904 574; x_wconf 76' lang='grc' dir='ltr'><strong><em>στρατιᾷ,</em></strong></span> <span class='ocrx_word' id='word_1_15' title='bbox 927 483 1005 571; x_wconf 82' lang='grc' dir='ltr'><strong><em>πρὶν</em></strong></span> <span class='ocrx_word' id='word_1_16' title='bbox 1027 484 1151 552; x_wconf 72' lang='grc' dir='ltr'><strong><em>αἰσθέ-ιει</em></strong></span> 
     </span>
     <span class='ocr_line' id='line_1_4' title="bbox 127 590 1121 681; baseline -0.005 -20"><span class='ocrx_word' id='word_1_17' title='bbox 127 603 210 662; x_wconf 91' lang='grc' dir='ltr'><strong><em>σθαι</em></strong></span> <span class='ocrx_word' id='word_1_18' title='bbox 241 591 423 681; x_wconf 82' lang='grc' dir='ltr'><strong><em>Ῥωμαίους</em></strong></span> <span class='ocrx_word' id='word_1_19' title='bbox 459 595 571 660; x_wconf 82' lang='grc' dir='ltr'><strong><em>αὐτῶν</em></strong></span> <span class='ocrx_word' id='word_1_20' title='bbox 603 595 665 678; x_wconf 82' lang='grc' dir='ltr'><strong><em>τὴν</em></strong></span> <span class='ocrx_word' id='word_1_21' title='bbox 698 593 831 676; x_wconf 80' lang='grc' dir='ltr'><strong><em>ἔξοδον,</em></strong></span> <span class='ocrx_word' id='word_1_22' title='bbox 868 590 925 658; x_wconf 81' lang='grc' dir='ltr'><strong><em>καὶ</em></strong></span> <span class='ocrx_word' id='word_1_23' title='bbox 958 591 1048 677; x_wconf 86' lang='grc' dir='ltr'><strong><em>μέχρι</em></strong></span> <span class='ocrx_word' id='word_1_24' title='bbox 1074 601 1121 656; x_wconf 86' lang='grc' dir='ltr'><strong><em>τοῦ</em></strong></span> 
     </span>
     <span class='ocr_line' id='line_1_5' title="bbox 125 688 1123 789; baseline -0.007 -20"><span class='ocrx_word' id='word_1_25' title='bbox 125 707 255 789; x_wconf 78' lang='grc' dir='ltr'><strong><em>τείχους</em></strong></span> <span class='ocrx_word' id='word_1_26' title='bbox 281 711 340 786; x_wconf 83' lang='grc' dir='ltr'><strong><em>τῆς</em></strong></span> <span class='ocrx_word' id='word_1_27' title='bbox 362 700 487 787; x_wconf 80' lang='grc' dir='ltr'><strong><em>Ῥώμης</em></strong></span> <span class='ocrx_word' id='word_1_28' title='bbox 515 704 639 778; x_wconf 80' lang='grc' dir='ltr'><strong><em>ἔλασις·</em></strong></span> <span class='ocrx_word' id='word_1_29' title='bbox 672 699 709 766; x_wconf 92' lang='grc' dir='ltr'><strong><em>ἐν</em></strong></span> <span class='ocrx_word' id='word_1_30' title='bbox 735 688 758 786; x_wconf 74' lang='grc' dir='ltr'><strong><em>ᾖ</em></strong></span> <span class='ocrx_word' id='word_1_31' title='bbox 785 703 891 776; x_wconf 83' lang='grc' dir='ltr'><strong><em>πολὺς</em></strong></span> <span class='ocrx_word' id='word_1_32' title='bbox 919 697 1045 783; x_wconf 88' lang='grc' dir='ltr'><strong><em>ἐγένετο</em></strong></span> <span class='ocrx_word' id='word_1_33' title='bbox 1060 693 1123 762; x_wconf 84' lang='grc' dir='ltr'><strong><em>Ῥω-</em></strong></span> 
     </span>
     <span class='ocr_line' id='line_1_6' title="bbox 100 799 1125 896; baseline -0.003 -24"><span class='ocrx_word' id='word_1_34' title='bbox 100 813 235 896; x_wconf 87' lang='grc' dir='ltr'><strong><em>εμαίων</em></strong></span> <span class='ocrx_word' id='word_1_35' title='bbox 258 813 365 896; x_wconf 82' lang='grc' dir='ltr'><strong><em>φόνος</em></strong></span> <span class='ocrx_word' id='word_1_36' title='bbox 388 810 430 877; x_wconf 89' lang='grc' dir='ltr'><strong><em>οὐ</em></strong></span> <span class='ocrx_word' id='word_1_37' title='bbox 448 812 555 894; x_wconf 87' lang='grc' dir='ltr'><strong><em>μόνον</em></strong></span> <span class='ocrx_word' id='word_1_38' title='bbox 572 819 641 874; x_wconf 82' lang='grc' dir='ltr'><strong><em>τῶν</em></strong></span> <span class='ocrx_word' id='word_1_39' title='bbox 658 818 830 892; x_wconf 79' lang='grc' dir='ltr'><strong><em>γεωργῶν,</em></strong></span> <span class='ocrx_word' id='word_1_40' title='bbox 853 799 905 884; x_wconf 88' lang='grc' dir='ltr'><strong><em>οἷς</em></strong></span> <span class='ocrx_word' id='word_1_41' title='bbox 923 803 1025 872; x_wconf 70' lang='grc' dir='ltr'><strong><em>οὐδὲν</em></strong></span> <span class='ocrx_word' id='word_1_42' title='bbox 1042 821 1125 891; x_wconf 86' lang='grc' dir='ltr'><strong><em>προσ-</em></strong></span> 
     </span>
     <span class='ocr_line' id='line_1_7' title="bbox 127 910 1126 1003; baseline -0.008 -20"><span class='ocrx_word' id='word_1_43' title='bbox 127 916 319 1003; x_wconf 77' lang='grc' dir='ltr'><strong><em>δεχομένοις</em></strong></span> <span class='ocrx_word' id='word_1_44' title='bbox 347 917 525 1001; x_wconf 75' lang='grc' dir='ltr'><strong><em>αἰφνιδίως</em></strong></span> <span class='ocrx_word' id='word_1_45' title='bbox 552 913 670 999; x_wconf 79' lang='grc' dir='ltr'><strong><em>ἐπέστη</em></strong></span> <span class='ocrx_word' id='word_1_46' title='bbox 698 915 737 980; x_wconf 86' lang='grc' dir='ltr'><strong><em>τδ</em></strong></span> <span class='ocrx_word' id='word_1_47' title='bbox 767 915 898 997; x_wconf 91' lang='grc' dir='ltr'><strong><em>δεινόν,</em></strong></span> <span class='ocrx_word' id='word_1_48' title='bbox 927 910 1008 999; x_wconf 81' lang='grc' dir='ltr'><strong><em>πρὶν</em></strong></span> <span class='ocrx_word' id='word_1_49' title='bbox 1036 914 1078 989; x_wconf 90' lang='grc' dir='ltr'><strong><em>εἰς</em></strong></span> <span class='ocrx_word' id='word_1_50' title='bbox 1096 913 1126 976; x_wconf 84' lang='grc' dir='ltr'><strong><em>τίι</em></strong></span> 
     </span>
     <span class='ocr_line' id='line_1_8' title="bbox 126 1017 1128 1109; baseline -0.006 -20"><span class='ocrx_word' id='word_1_51' title='bbox 126 1026 274 1109; x_wconf 85' lang='grc' dir='ltr'><strong><em>φρούρια</em></strong></span> <span class='ocrx_word' id='word_1_52' title='bbox 301 1026 342 1090; x_wconf 82' lang='grc' dir='ltr'><strong><em>τὰ</em></strong></span> <span class='ocrx_word' id='word_1_53' title='bbox 369 1028 513 1108; x_wconf 89' lang='grc' dir='ltr'><strong><em>πλησίον</em></strong></span> <span class='ocrx_word' id='word_1_54' title='bbox 541 1021 701 1099; x_wconf 79' lang='grc' dir='ltr'><strong><em>ἑκάστους</em></strong></span> <span class='ocrx_word' id='word_1_55' title='bbox 727 1031 950 1107; x_wconf 78' lang='grc' dir='ltr'><strong><em>καταφυγεῖν,</em></strong></span> <span class='ocrx_word' id='word_1_56' title='bbox 980 1017 1128 1085; x_wconf 78' lang='grc' dir='ltr'><strong><em>ἀλλὰκαὶ</em></strong></span> 
     </span>
     <span class='ocr_line' id='line_1_9' title="bbox 91 1125 1129 1216; baseline -0.004 -21"><span class='ocrx_word' id='word_1_57' title='bbox 91 1131 194 1196; x_wconf 65' lang='lat' dir='ltr'><strong><em>mv</em></strong></span> <span class='ocrx_word' id='word_1_58' title='bbox 212 1133 295 1196; x_wconf 84' lang='grc' dir='ltr'><strong><em>κατὰ</em></strong></span> <span class='ocrx_word' id='word_1_59' title='bbox 313 1134 411 1197; x_wconf 88' lang='grc' dir='ltr'><strong><em>πόλιν</em></strong></span> <span class='ocrx_word' id='word_1_60' title='bbox 428 1139 611 1214; x_wconf 86' lang='grc' dir='ltr'><strong><em>τηνικαῦτα</em></strong></span> <span class='ocrx_word' id='word_1_61' title='bbox 630 1131 881 1216; x_wconf 75' lang='grc' dir='ltr'><strong><em>διατριβόντων.</em></strong></span> <span class='ocrx_word' id='word_1_62' title='bbox 914 1127 933 1193; x_wconf 81' lang='grc' dir='ltr'>ὁ</span> <span class='ocrx_word' id='word_1_63' title='bbox 952 1129 1017 1213; x_wconf 80' lang='grc' dir='ltr'><strong><em>γάρ</em></strong></span> <span class='ocrx_word' id='word_1_64' title='bbox 1036 1125 1129 1213; x_wconf 79' lang='grc' dir='ltr'><strong><em>ἕτερος</em></strong></span> 
     </span>
     <span class='ocr_line' id='line_1_10' title="bbox 126 1229 1129 1322; baseline -0.004 -20"><span class='ocrx_word' id='word_1_65' title='bbox 126 1248 194 1302; x_wconf 86' lang='grc' dir='ltr'><strong><em>τών</em></strong></span> <span class='ocrx_word' id='word_1_66' title='bbox 221 1238 357 1303; x_wconf 85' lang='grc' dir='ltr'><strong><em>ὑπάτων</em></strong></span> <span class='ocrx_word' id='word_1_67' title='bbox 380 1239 570 1322; x_wconf 86' lang='grc' dir='ltr'><strong><em>Ποστόμιος</em></strong></span> <span class='ocrx_word' id='word_1_68' title='bbox 598 1236 660 1303; x_wconf 86' lang='grc' dir='ltr'><strong><em>οὐκ</em></strong></span> <span class='ocrx_word' id='word_1_69' title='bbox 683 1236 827 1318; x_wconf 81' lang='grc' dir='ltr'><strong><em>ἀνεκτὴν</em></strong></span> <span class='ocrx_word' id='word_1_70' title='bbox 850 1229 937 1300; x_wconf 90' lang='grc' dir='ltr'><strong><em>εἰναι</em></strong></span> <span class='ocrx_word' id='word_1_71' title='bbox 960 1235 1024 1317; x_wconf 80' lang='grc' dir='ltr'><strong><em>τὴν</em></strong></span> <span class='ocrx_word' id='word_1_72' title='bbox 1046 1234 1129 1318; x_wconf 76' lang='grc' dir='ltr'><strong><em>ὕβριν</em></strong></span> 
     </span>
     <span class='ocr_line' id='line_1_11' title="bbox 92 1342 1129 1429; baseline 0.001 -25"><span class='ocrx_word' id='word_1_73' title='bbox 92 1354 194 1410; x_wconf 80' lang='grc' dir='ltr'><strong><em>ιοτών</em></strong></span> <span class='ocrx_word' id='word_1_74' title='bbox 230 1347 398 1429; x_wconf 89' lang='grc' dir='ltr'><strong><em>πολεμίων</em></strong></span> <span class='ocrx_word' id='word_1_75' title='bbox 430 1343 640 1428; x_wconf 75' lang='grc' dir='ltr'><strong><em>ἡγησάμενος</em></strong></span> <span class='ocrx_word' id='word_1_76' title='bbox 671 1342 844 1428; x_wconf 76' lang='grc' dir='ltr'><strong><em>ἐξεβοήθει</em></strong></span> <span class='ocrx_word' id='word_1_77' title='bbox 876 1343 961 1406; x_wconf 81' lang='grc' dir='ltr'><strong><em>κατά</em></strong></span> <span class='ocrx_word' id='word_1_78' title='bbox 994 1343 1129 1424; x_wconf 77' lang='grc' dir='ltr'><strong><em>σπουδὴν</em></strong></span> 
     </span>
     <span class='ocr_line' id='line_1_12' title="bbox 125 1447 1129 1537; baseline -0.001 -22"><span class='ocrx_word' id='word_1_79' title='bbox 125 1455 205 1530; x_wconf 89' lang='grc' dir='ltr'><strong><em>τοὺς</em></strong></span> <span class='ocrx_word' id='word_1_80' title='bbox 239 1451 519 1537; x_wconf 73' lang='grc' dir='ltr'><strong><em>ἐπιτυγχάνοντας</em></strong></span> <span class='ocrx_word' id='word_1_81' title='bbox 551 1452 644 1534; x_wconf 86' lang='grc' dir='ltr'><strong><em>άγων</em></strong></span> <span class='ocrx_word' id='word_1_82' title='bbox 674 1452 932 1536; x_wconf 84' lang='grc' dir='ltr'><strong><em>προχειρότερον</em></strong></span> <span class='ocrx_word' id='word_1_83' title='bbox 966 1453 1090 1534; x_wconf 81' lang='grc' dir='ltr'><strong><em>μᾶλλον</em></strong></span> <span class='ocrx_word' id='word_1_84' title='bbox 1115 1447 1129 1531; x_wconf 76' lang='grc' dir='ltr'><strong><em>ἰχ</em></strong></span> 
     </span>
     <span class='ocr_line' id='line_1_13' title="bbox 127 1557 1129 1645; baseline -0.005 -20"><span class='ocrx_word' id='word_1_85' title='bbox 127 1560 389 1645; x_wconf 85' lang='grc' dir='ltr'><strong><em>φρονιμώτερον.</em></strong></span> <span class='ocrx_word' id='word_1_86' title='bbox 436 1557 496 1635; x_wconf 84' lang='grc' dir='ltr'><strong><em>οὓς</em></strong></span> <span class='ocrx_word' id='word_1_87' title='bbox 533 1558 662 1633; x_wconf 90' lang='grc' dir='ltr'><strong><em>ἰδόντες</em></strong></span> <span class='ocrx_word' id='word_1_88' title='bbox 698 1557 734 1622; x_wconf 87' lang='grc' dir='ltr'><strong><em>οί</em></strong></span> <span class='ocrx_word' id='word_1_89' title='bbox 760 1559 906 1640; x_wconf 81' lang='grc' dir='ltr'><strong><em>Σαβῖνοι</em></strong></span> <span class='ocrx_word' id='word_1_90' title='bbox 943 1559 1010 1621; x_wconf 86' lang='grc' dir='ltr'><strong><em>σὺν</em></strong></span> <span class='ocrx_word' id='word_1_91' title='bbox 1041 1560 1129 1639; x_wconf 75' lang='grc' dir='ltr'><strong><em>πολλῇ</em></strong></span> 
     </span>
     <span class='ocr_line' id='line_1_14' title="bbox 125 1659 1130 1751; baseline -0.006 -21"><span class='ocrx_word' id='word_1_92' title='bbox 125 1668 373 1751; x_wconf 79' lang='grc' dir='ltr'><strong><em>καταφρονήσει</em></strong></span> <span class='ocrx_word' id='word_1_93' title='bbox 395 1671 588 1751; x_wconf 83' lang='grc' dir='ltr'><strong><em>χωροῦντας</em></strong></span> <span class='ocrx_word' id='word_1_94' title='bbox 610 1660 665 1728; x_wconf 82' lang='grc' dir='ltr'><strong><em>ἐπὶ</em></strong></span> <span class='ocrx_word' id='word_1_95' title='bbox 686 1672 774 1749; x_wconf 84' lang='grc' dir='ltr'><strong><em>σφᾶς</em></strong></span> <span class='ocrx_word' id='word_1_96' title='bbox 792 1661 1022 1739; x_wconf 80' lang='grc' dir='ltr'><strong><em>ἀσυντάκτους</em></strong></span> <span class='ocrx_word' id='word_1_97' title='bbox 1039 1659 1130 1728; x_wconf 78' lang='grc' dir='ltr'><strong><em>τεκαὶ</em></strong></span> 
     </span>
     <span class='ocr_line' id='line_1_15' title="bbox 127 1766 1129 1856; baseline -0.002 -21"><span class='ocrx_word' id='word_1_98' title='bbox 127 1770 390 1856; x_wconf 78' lang='grc' dir='ltr'><strong><em>διεσπασμένους</em></strong></span> <span class='ocrx_word' id='word_1_99' title='bbox 423 1766 479 1836; x_wconf 82' lang='grc' dir='ltr'><strong><em>ἀπ’</em></strong></span> <span class='ocrx_word' id='word_1_100' title='bbox 505 1769 673 1853; x_wconf 81' lang='grc' dir='ltr'><strong><em>ἀλλήλων,</em></strong></span> <span class='ocrx_word' id='word_1_101' title='bbox 708 1772 756 1834; x_wconf 81' lang='grc' dir='ltr'><strong><em>ἔτι</em></strong></span> <span class='ocrx_word' id='word_1_102' title='bbox 783 1774 911 1854; x_wconf 84' lang='grc' dir='ltr'><strong><em>μᾶλλον</em></strong></span> <span class='ocrx_word' id='word_1_103' title='bbox 939 1767 1080 1853; x_wconf 73' lang='grc' dir='ltr'><strong><em>αὐξῆσαι</em></strong></span> <span class='ocrx_word' id='word_1_104' title='bbox 1102 1771 1129 1833; x_wconf 86' lang='grc' dir='ltr'><strong><em>τὸ</em></strong></span> 
     </span>
     <span class='ocr_line' id='line_1_16' title="bbox 92 1874 1131 1961; baseline 0.002 -23"><span class='ocrx_word' id='word_1_105' title='bbox 92 1895 118 1937; x_wconf 82' lang='grc' dir='ltr'><strong><em>ιε</em></strong></span> <span class='ocrx_word' id='word_1_106' title='bbox 127 1886 363 1961; x_wconf 86' lang='grc' dir='ltr'><strong><em>καταφρονοῦν</em></strong></span> <span class='ocrx_word' id='word_1_107' title='bbox 387 1877 498 1942; x_wconf 79' lang='grc' dir='ltr'><strong><em>αὐτῶν</em></strong></span> <span class='ocrx_word' id='word_1_108' title='bbox 521 1879 722 1961; x_wconf 90' lang='grc' dir='ltr'><strong><em>βουλόμενοι</em></strong></span> <span class='ocrx_word' id='word_1_109' title='bbox 745 1882 873 1942; x_wconf 88' lang='grc' dir='ltr'><strong><em>θᾶττον</em></strong></span> <span class='ocrx_word' id='word_1_110' title='bbox 895 1874 917 1961; x_wconf 73' lang='grc' dir='ltr'>ἢ</span> <span class='ocrx_word' id='word_1_111' title='bbox 941 1876 1052 1960; x_wconf 90' lang='grc' dir='ltr'><strong><em>βάδην</em></strong></span> <span class='ocrx_word' id='word_1_112' title='bbox 1073 1875 1131 1940; x_wconf 85' lang='grc' dir='ltr'><strong><em>άνε-</em></strong></span> 
     </span>
     <span class='ocr_line' id='line_1_17' title="bbox 127 1980 1131 2072; baseline -0.002 -23"><span class='ocrx_word' id='word_1_113' title='bbox 127 1985 261 2070; x_wconf 89' lang='grc' dir='ltr'><strong><em>χώρουν</em></strong></span> <span class='ocrx_word' id='word_1_114' title='bbox 292 1984 337 2060; x_wconf 88' lang='grc' dir='ltr'><strong><em>ώς</em></strong></span> <span class='ocrx_word' id='word_1_115' title='bbox 369 1985 410 2068; x_wconf 80' lang='grc' dir='ltr'><strong><em>δὴ</em></strong></span> <span class='ocrx_word' id='word_1_116' title='bbox 443 1985 626 2069; x_wconf 87' lang='grc' dir='ltr'><strong><em>φεύγοντες</em></strong></span> <span class='ocrx_word' id='word_1_117' title='bbox 659 1983 779 2067; x_wconf 82' lang='grc' dir='ltr'><strong><em>ὀπίσω,</em></strong></span> <span class='ocrx_word' id='word_1_118' title='bbox 812 1980 893 2061; x_wconf 85' lang='grc' dir='ltr'><strong><em>τέως</em></strong></span> <span class='ocrx_word' id='word_1_119' title='bbox 921 1981 974 2072; x_wconf 62' lang='grc' dir='ltr'><strong><em>εἰςζ</em></strong></span> <span class='ocrx_word' id='word_1_120' title='bbox 999 1985 1131 2069; x_wconf 86' lang='grc' dir='ltr'><strong><em>δρυμοὺς</em></strong></span> 
     </span>
     <span class='ocr_line' id='line_1_18' title="bbox 127 2089 1132 2177; baseline -0.001 -22"><span class='ocrx_word' id='word_1_121' title='bbox 127 2089 289 2175; x_wconf 74' lang='grc' dir='ltr'><strong><em>ἀφίκοντο</em></strong></span> <span class='ocrx_word' id='word_1_122' title='bbox 317 2094 450 2175; x_wconf 79' lang='grc' dir='ltr'><strong><em>βαθεῖς,</em></strong></span> <span class='ocrx_word' id='word_1_123' title='bbox 479 2093 565 2156; x_wconf 75' lang='grc' dir='ltr'><strong><em>ἔνθα</em></strong></span> <span class='ocrx_word' id='word_1_124' title='bbox 588 2090 607 2156; x_wconf 87' lang='grc' dir='ltr'><strong><em>ό</em></strong></span> <span class='ocrx_word' id='word_1_125' title='bbox 631 2091 747 2169; x_wconf 87' lang='grc' dir='ltr'><strong><em>λοιπὸς</em></strong></span> <span class='ocrx_word' id='word_1_126' title='bbox 770 2089 881 2156; x_wconf 82' lang='grc' dir='ltr'><strong><em>αὐτῶν</em></strong></span> <span class='ocrx_word' id='word_1_127' title='bbox 905 2092 1047 2177; x_wconf 88' lang='grc' dir='ltr'><strong><em>στρατὸς</em></strong></span> <span class='ocrx_word' id='word_1_128' title='bbox 1068 2090 1132 2154; x_wconf 82' lang='grc' dir='ltr'><strong><em>ὑπε-</em></strong></span> 
     </span>
     <span class='ocr_line' id='line_1_19' title="bbox 126 2195 1131 2284; baseline -0.002 -22"><span class='ocrx_word' id='word_1_129' title='bbox 126 2198 268 2282; x_wconf 87' lang='grc' dir='ltr'><strong><em>κάθητο·</em></strong></span> <span class='ocrx_word' id='word_1_130' title='bbox 301 2195 408 2264; x_wconf 80' lang='grc' dir='ltr'><strong><em>ἔπειθ’</em></strong></span> <span class='ocrx_word' id='word_1_131' title='bbox 426 2195 696 2284; x_wconf 76' lang='grc' dir='ltr'><strong><em>ὑποστρέψαντες</em></strong></span> <span class='ocrx_word' id='word_1_132' title='bbox 714 2196 864 2283; x_wconf 83' lang='grc' dir='ltr'><strong><em>ἐχώρουν</em></strong></span> <span class='ocrx_word' id='word_1_133' title='bbox 878 2207 948 2274; x_wconf 80' lang='grc' dir='ltr'><strong><em>τοῖς</em></strong></span> <span class='ocrx_word' id='word_1_134' title='bbox 964 2199 1131 2264; x_wconf 85' lang='grc' dir='ltr'><strong><em>διώκουσιν</em></strong></span> 
     </span>
     <span class='ocr_line' id='line_1_20' title="bbox 128 2301 1132 2390; baseline -0.005 -19"><span class='ocrx_word' id='word_1_135' title='bbox 128 2305 239 2390; x_wconf 89' lang='grc' dir='ltr'><strong><em>ὁμόσε,</em></strong></span> <span class='ocrx_word' id='word_1_136' title='bbox 263 2303 318 2371; x_wconf 84' lang='grc' dir='ltr'><strong><em>καὶ</em></strong></span> <span class='ocrx_word' id='word_1_137' title='bbox 342 2305 378 2371; x_wconf 87' lang='grc' dir='ltr'><strong><em>οἰ</em></strong></span> <span class='ocrx_word' id='word_1_138' title='bbox 398 2303 434 2369; x_wconf 91' lang='grc' dir='ltr'><strong><em>ἐκ</em></strong></span> <span class='ocrx_word' id='word_1_139' title='bbox 456 2313 518 2370; x_wconf 85' lang='grc' dir='ltr'><strong><em>τοῦ</em></strong></span> <span class='ocrx_word' id='word_1_140' title='bbox 541 2306 672 2390; x_wconf 90' lang='grc' dir='ltr'><strong><em>δρυμοῦ</em></strong></span> <span class='ocrx_word' id='word_1_141' title='bbox 695 2301 780 2388; x_wconf 87' lang='grc' dir='ltr'><strong><em>μέγα</em></strong></span> <span class='ocrx_word' id='word_1_142' title='bbox 799 2303 1023 2382; x_wconf 80' lang='grc' dir='ltr'><strong><em>ἀλαλάξαντες</em></strong></span> <span class='ocrx_word' id='word_1_143' title='bbox 1042 2305 1132 2369; x_wconf 81' lang='grc' dir='ltr'><strong><em>ἵενται</em></strong></span> 
     </span>
     <span class='ocr_line' id='line_1_21' title="bbox 93 2386 1164 2512; baseline -0.01 -33"><span class='ocrx_word' id='word_1_144' title='bbox 93 2386 178 2512; x_wconf 59' lang='grc' dir='ltr'><strong><em>Ξοέπ</em></strong></span> <span class='ocrx_word' id='word_1_145' title='bbox 200 2413 330 2490; x_wconf 83' lang='grc' dir='ltr'><strong><em>αὐτούς.</em></strong></span> <span class='ocrx_word' id='word_1_146' title='bbox 368 2411 585 2488; x_wconf 85' lang='grc' dir='ltr'><strong><em>ἀσυντάκτοις</em></strong></span> <span class='ocrx_word' id='word_1_147' title='bbox 609 2405 638 2475; x_wconf 81' lang='grc' dir='ltr'><strong><em>δ’</em></strong></span> <span class='ocrx_word' id='word_1_148' title='bbox 661 2410 855 2495; x_wconf 88' lang='grc' dir='ltr'><strong><em>ἀνθρώποις</em></strong></span> <span class='ocrx_word' id='word_1_149' title='bbox 877 2409 933 2476; x_wconf 79' lang='grc' dir='ltr'><strong><em>καί</em></strong></span> <span class='ocrx_word' id='word_1_150' title='bbox 950 2407 1164 2498; x_wconf 70' lang='grc' dir='ltr'><strong><em>τεταραγμένα</em></strong></span> 
     </span>
     <span class='ocr_line' id='line_1_22' title="bbox 128 2516 1131 2603; baseline -0.003 -19"><span class='ocrx_word' id='word_1_151' title='bbox 128 2543 201 2596; x_wconf 92' lang='grc' dir='ltr'><strong><em>νοις</em></strong></span> <span class='ocrx_word' id='word_1_152' title='bbox 222 2517 279 2584; x_wconf 80' lang='grc' dir='ltr'><strong><em>καί</em></strong></span> <span class='ocrx_word' id='word_1_153' title='bbox 301 2520 367 2585; x_wconf 86' lang='grc' dir='ltr'><strong><em>ὑπὸ</em></strong></span> <span class='ocrx_word' id='word_1_154' title='bbox 390 2526 451 2585; x_wconf 86' lang='grc' dir='ltr'><strong><em>τοῦ</em></strong></span> <span class='ocrx_word' id='word_1_155' title='bbox 471 2519 599 2603; x_wconf 88' lang='grc' dir='ltr'><strong><em>δρόμου</em></strong></span> <span class='ocrx_word' id='word_1_156' title='bbox 618 2516 898 2603; x_wconf 83' lang='grc' dir='ltr'><strong><em>συγκεκομμένοις</em></strong></span> <span class='ocrx_word' id='word_1_157' title='bbox 915 2520 957 2583; x_wconf 81' lang='grc' dir='ltr'><strong><em>τὰ</em></strong></span> <span class='ocrx_word' id='word_1_158' title='bbox 975 2519 1131 2603; x_wconf 81' lang='grc' dir='ltr'><strong><em>πνεύματα</em></strong></span> 
     </span>
     <span class='ocr_line' id='line_1_23' title="bbox 128 2622 1132 2711; baseline -0.002 -22"><span class='ocrx_word' id='word_1_159' title='bbox 128 2622 247 2691; x_wconf 80' lang='grc' dir='ltr'><strong><em>πολλοὶ</em></strong></span> <span class='ocrx_word' id='word_1_160' title='bbox 274 2622 330 2689; x_wconf 83' lang='grc' dir='ltr'><strong><em>καὶ</em></strong></span> <span class='ocrx_word' id='word_1_161' title='bbox 358 2628 421 2691; x_wconf 89' lang='grc' dir='ltr'><strong><em>σὺν</em></strong></span> <span class='ocrx_word' id='word_1_162' title='bbox 448 2626 562 2711; x_wconf 78' lang='grc' dir='ltr'><strong><em>κόσμῳ</em></strong></span> <span class='ocrx_word' id='word_1_163' title='bbox 591 2623 803 2706; x_wconf 88' lang='grc' dir='ltr'><strong><em>ἐπελθόντες,</em></strong></span> <span class='ocrx_word' id='word_1_164' title='bbox 834 2625 1082 2708; x_wconf 86' lang='grc' dir='ltr'><strong><em>καταβάλλουσί</em></strong></span> <span class='ocrx_word' id='word_1_165' title='bbox 1104 2646 1132 2688; x_wconf 90' lang='grc' dir='ltr'><strong><em>τε</em></strong></span> 
     </span>
    </p>
   </div>
   <div class='ocr_carea' id='block_1_3' title="bbox 92 2717 1132 3138">
    <p class='ocr_par' dir='ltr' id='par_1_3' title="bbox 92 2717 1132 3138">
     <span class='ocr_line' id='line_1_24' title="bbox 128 2717 1132 2817; baseline -0.002 -21"><span class='ocrx_word' id='word_1_166' title='bbox 128 2733 208 2807; x_wconf 85' lang='grc' dir='ltr'><strong><em>τοὺς</em></strong></span> <span class='ocrx_word' id='word_1_167' title='bbox 234 2717 340 2815; x_wconf 55' lang='grc' dir='ltr'><strong><em>γὁμόσε</em></strong></span> <span class='ocrx_word' id='word_1_168' title='bbox 371 2739 563 2817; x_wconf 86' lang='grc' dir='ltr'><strong><em>χωροῦντας</em></strong></span> <span class='ocrx_word' id='word_1_169' title='bbox 594 2727 650 2796; x_wconf 81' lang='grc' dir='ltr'><strong><em>καὶ</em></strong></span> <span class='ocrx_word' id='word_1_170' title='bbox 681 2732 761 2807; x_wconf 88' lang='grc' dir='ltr'><strong><em>τοὺς</em></strong></span> <span class='ocrx_word' id='word_1_171' title='bbox 792 2733 931 2808; x_wconf 81' lang='grc' dir='ltr'><strong><em>λοιποὺς</em></strong></span> <span class='ocrx_word' id='word_1_172' title='bbox 960 2734 1008 2809; x_wconf 90' lang='grc' dir='ltr'><strong><em>εἰς</em></strong></span> <span class='ocrx_word' id='word_1_173' title='bbox 1035 2732 1132 2817; x_wconf 75' lang='grc' dir='ltr'><strong><em>φυγὴν</em></strong></span> 
     </span>
     <span class='ocr_line' id='line_1_25' title="bbox 129 2838 1132 2924; baseline -0.003 -19"><span class='ocrx_word' id='word_1_174' title='bbox 129 2838 339 2924; x_wconf 79' lang='grc' dir='ltr'><strong><em>ὁρμήσαντας</em></strong></span> <span class='ocrx_word' id='word_1_175' title='bbox 361 2838 602 2922; x_wconf 87' lang='grc' dir='ltr'><strong><em>ὑποτεμόμενοι</em></strong></span> <span class='ocrx_word' id='word_1_176' title='bbox 625 2840 683 2914; x_wconf 82' lang='grc' dir='ltr'><strong><em>τὰς</em></strong></span> <span class='ocrx_word' id='word_1_177' title='bbox 706 2839 754 2915; x_wconf 90' lang='grc' dir='ltr'><strong><em>εἰς</em></strong></span> <span class='ocrx_word' id='word_1_178' title='bbox 775 2838 837 2921; x_wconf 77' lang='grc' dir='ltr'><strong><em>τὴν</em></strong></span> <span class='ocrx_word' id='word_1_179' title='bbox 860 2841 960 2905; x_wconf 89' lang='grc' dir='ltr'><strong><em>πόλιν</em></strong></span> <span class='ocrx_word' id='word_1_180' title='bbox 979 2839 1132 2924; x_wconf 80' lang='grc' dir='ltr'><strong><em>φερούσας</em></strong></span> 
     </span>
     <span class='ocr_line' id='line_1_26' title="bbox 92 2945 1131 3032; baseline -0.004 -22"><span class='ocrx_word' id='word_1_181' title='bbox 92 2946 231 3022; x_wconf 76' lang='grc' dir='ltr'><strong><em>εεὸδοὺς</em></strong></span> <span class='ocrx_word' id='word_1_182' title='bbox 267 2947 314 3022; x_wconf 90' lang='grc' dir='ltr'><strong><em>εἰς</em></strong></span> <span class='ocrx_word' id='word_1_183' title='bbox 345 2945 480 3031; x_wconf 75' lang='grc' dir='ltr'><strong><em>ὀρεινήν</em></strong></span> <span class='ocrx_word' id='word_1_184' title='bbox 512 2967 588 3010; x_wconf 90' lang='grc' dir='ltr'><strong><em>τινα</em></strong></span> <span class='ocrx_word' id='word_1_185' title='bbox 619 2947 851 3010; x_wconf 87' lang='grc' dir='ltr'><strong><em>κατακλείουσι</em></strong></span> <span class='ocrx_word' id='word_1_186' title='bbox 883 2945 981 3030; x_wconf 74' lang='grc' dir='ltr'><strong><em>ῥάχιν</em></strong></span> <span class='ocrx_word' id='word_1_187' title='bbox 1015 2948 1131 3032; x_wconf 86' lang='grc' dir='ltr'><strong><em>ἐρημον.</em></strong></span> 
     </span>
     <span class='ocr_line' id='line_1_27' title="bbox 128 3048 1130 3138; baseline -0.004 -20"><span class='ocrx_word' id='word_1_188' title='bbox 128 3050 267 3136; x_wconf 87' lang='grc' dir='ltr'><strong><em>θέμενοι</em></strong></span> <span class='ocrx_word' id='word_1_189' title='bbox 299 3048 337 3117; x_wconf 72' lang='grc' dir='ltr'><strong><em>δὲ</em></strong></span> <span class='ocrx_word' id='word_1_190' title='bbox 369 3055 511 3136; x_wconf 89' lang='grc' dir='ltr'><strong><em>πλησίον</em></strong></span> <span class='ocrx_word' id='word_1_191' title='bbox 545 3052 655 3117; x_wconf 79' lang='grc' dir='ltr'><strong><em>αὐτῶν</em></strong></span> <span class='ocrx_word' id='word_1_192' title='bbox 687 3052 728 3116; x_wconf 84' lang='grc' dir='ltr'><strong><em>τά</em></strong></span> <span class='ocrx_word' id='word_1_193' title='bbox 760 3052 857 3118; x_wconf 82' lang='grc' dir='ltr'><strong><em>ὅπλα·</em></strong></span> <span class='ocrx_word' id='word_1_194' title='bbox 895 3051 957 3130; x_wconf 84' lang='grc' dir='ltr'><strong><em>νὺξ</em></strong></span> <span class='ocrx_word' id='word_1_195' title='bbox 986 3054 1049 3138; x_wconf 83' lang='grc' dir='ltr'><strong><em>γάρ</em></strong></span> <span class='ocrx_word' id='word_1_196' title='bbox 1078 3051 1130 3134; x_wconf 78' lang='grc' dir='ltr'><strong><em>ἤδη</em></strong></span> 
     </span>
    </p>
   </div>
   <div class='ocr_carea' id='block_1_4' title="bbox 202 3206 1131 3279">
    <p class='ocr_par' dir='ltr' id='par_1_4' title="bbox 202 3206 1131 3279">
     <span class='ocr_line' id='line_1_28' title="bbox 202 3206 1131 3279; baseline -0.001 -18"><span class='ocrx_word' id='word_1_197' title='bbox 202 3215 216 3260; x_wconf 91' lang='grc'>1</span> <span class='ocrx_word' id='word_1_198' title='bbox 236 3216 286 3262; x_wconf 80' lang='grc' dir='ltr'><strong><em>τοῦ</em></strong></span> <span class='ocrx_word' id='word_1_199' title='bbox 303 3206 454 3276; x_wconf 86' lang='grc' dir='ltr'><strong><em>λεγομένου</em></strong></span> <span class='ocrx_word' id='word_1_200' title='bbox 467 3206 493 3260; x_wconf 83' lang='grc' dir='ltr'><strong>Α</strong></span> <span class='ocrx_word' id='word_1_201' title='bbox 524 3217 574 3262; x_wconf 83' lang='grc' dir='ltr'><strong><em>τοῦ</em></strong></span> <span class='ocrx_word' id='word_1_202' title='bbox 593 3206 769 3279; x_wconf 83' lang='grc' dir='ltr'><strong><em>καλουμένου</em></strong></span> <span class='ocrx_word' id='word_1_203' title='bbox 783 3209 809 3261; x_wconf 78' lang='lat' dir='ltr'><strong>R</strong></span> <span class='ocrx_word' id='word_1_204' title='bbox 864 3215 879 3263; x_wconf 88' lang='lat'><strong>3</strong></span> <span class='ocrx_word' id='word_1_205' title='bbox 900 3206 1008 3277; x_wconf 79' lang='grc' dir='ltr'><strong><em>ἔφοδον</em></strong></span> <span class='ocrx_word' id='word_1_206' title='bbox 1023 3226 1045 3264; x_wconf 88' lang='grc' dir='ltr'><strong><em>ο.</em></strong></span> <span class='ocrx_word' id='word_1_207' title='bbox 1059 3209 1131 3263; x_wconf 77' lang='lat' dir='ltr'><strong>Gras-</strong></span> 
     </span>
    </p>
   </div>
   <div class='ocr_carea' id='block_1_5' title="bbox 8 3276 1131 3348">
    <p class='ocr_par' dir='ltr' id='par_1_5' title="bbox 8 3276 1131 3348">
     <span class='ocr_line' id='line_1_29' title="bbox 8 3276 1131 3348; baseline 0.001 -19"><span class='ocrx_word' id='word_1_208' title='bbox 8 3291 10 3346; x_wconf 68' lang='grc' dir='ltr'><strong><em>χ</em></strong></span> <span class='ocrx_word' id='word_1_209' title='bbox 130 3276 231 3342; x_wconf 80' lang='lat' dir='ltr'>berger</span> <span class='ocrx_word' id='word_1_210' title='bbox 254 3279 332 3332; x_wconf 82' lang='grc' dir='ltr'><strong><em>Τεει.</em></strong></span> <span class='ocrx_word' id='word_1_211' title='bbox 355 3277 471 3346; x_wconf 78' lang='lat' dir='ltr'>Herbip.</span> <span class='ocrx_word' id='word_1_212' title='bbox 490 3297 518 3346; x_wconf 89' lang='lat' dir='ltr'><strong><em>p.</em></strong></span> <span class='ocrx_word' id='word_1_213' title='bbox 537 3286 572 3334; x_wconf 79' lang='lat'><strong><em>26</em></strong></span> <span class='ocrx_word' id='word_1_214' title='bbox 663 3279 776 3333; x_wconf 78' lang='grc' dir='ltr'><strong><em>Βκατόι</em></strong></span> <span class='ocrx_word' id='word_1_215' title='bbox 799 3279 851 3348; x_wconf 82' lang='grc' dir='ltr'><strong><em>τὴν</em></strong></span> <span class='ocrx_word' id='word_1_216' title='bbox 874 3278 957 3335; x_wconf 86' lang='grc' dir='ltr'><strong><em>πόλιν</em></strong></span> <span class='ocrx_word' id='word_1_217' title='bbox 982 3298 1005 3336; x_wconf 88' lang='grc' dir='ltr'><strong><em>ο.</em></strong></span> <span class='ocrx_word' id='word_1_218' title='bbox 1025 3280 1131 3348; x_wconf 84' lang='lat' dir='ltr'>Sylburg</span> 
     </span>
    </p>
   </div>
   <div class='ocr_carea' id='block_1_6' title="bbox 8 3469 12 3538">
    <p class='ocr_par' dir='ltr' id='par_1_6' title="bbox 8 3469 12 3538">
     <span class='ocr_line' id='line_1_30' title="bbox 8 3469 12 3538; baseline 0 0"><span class='ocrx_word' id='word_1_219' title='bbox 8 3469 12 3538; x_wconf 80' lang='grc' dir='ltr'><em>ῑ</em></span> 
     </span>
    </p>
   </div>
   <div class='ocr_carea' id='block_1_7' title="bbox 8 3547 12 3631">
    <p class='ocr_par' dir='ltr' id='par_1_7' title="bbox 8 3547 12 3631">
     <span class='ocr_line' id='line_1_31' title="bbox 8 3547 12 3631; baseline 0 0"><span class='ocrx_word' id='word_1_220' title='bbox 8 3547 12 3631; x_wconf 76' lang='grc' dir='ltr'><strong><em>λ</em></strong></span> 
     </span>
    </p>
   </div>
   <div class='ocr_carea' id='block_1_8' title="bbox 133 3343 1131 3420">
    <p class='ocr_par' dir='ltr' id='par_1_8' title="bbox 133 3343 1131 3420">
     <span class='ocr_line' id='line_1_32' title="bbox 133 3343 1131 3420; baseline 0.012 -24"><span class='ocrx_word' id='word_1_221' title='bbox 133 3349 167 3396; x_wconf 84' lang='grc'><strong><em>14</em></strong></span> <span class='ocrx_word' id='word_1_222' title='bbox 185 3343 235 3396; x_wconf 79' lang='grc' dir='ltr'><strong><em>ἀπ’</em></strong></span> <span class='ocrx_word' id='word_1_223' title='bbox 258 3347 353 3400; x_wconf 88' lang='lat' dir='ltr'><strong>om.O</strong></span> <span class='ocrx_word' id='word_1_224' title='bbox 378 3348 532 3414; x_wconf 73' lang='lat' dir='ltr'>praeterB</span> <span class='ocrx_word' id='word_1_225' title='bbox 615 3354 648 3403; x_wconf 78' lang='grc'><strong><em>15</em></strong></span> <span class='ocrx_word' id='word_1_226' title='bbox 668 3345 791 3420; x_wconf 85' lang='grc' dir='ltr'><strong><em>έχώρουν</em></strong></span> <span class='ocrx_word' id='word_1_227' title='bbox 810 3351 857 3404; x_wconf 81' lang='lat' dir='ltr'><strong><em>Ba</em></strong></span> <span class='ocrx_word' id='word_1_228' title='bbox 939 3356 973 3406; x_wconf 87' lang='grc'><strong><em>16</em></strong></span> <span class='ocrx_word' id='word_1_229' title='bbox 993 3349 1022 3406; x_wconf 70' lang='grc' dir='ltr'><strong><em>τὲ</em></strong></span> <span class='ocrx_word' id='word_1_230' title='bbox 1045 3351 1078 3414; x_wconf 81' lang='grc' dir='ltr'><strong><em>ὡς</em></strong></span> <span class='ocrx_word' id='word_1_231' title='bbox 1093 3349 1131 3402; x_wconf 68' lang='lat' dir='ltr'><strong><em>Ba</em></strong></span> 
     </span>
    </p>
   </div>
   <div class='ocr_carea' id='block_1_9' title="bbox 8 3409 1130 3492">
    <p class='ocr_par' dir='ltr' id='par_1_9' title="bbox 8 3409 1130 3492">
     <span class='ocr_line' id='line_1_33' title="bbox 8 3409 1130 3492; baseline 0.008 -30"><span class='ocrx_word' id='word_1_232' title='bbox 8 3451 12 3466; x_wconf 93' lang='grc'><strong><em>,</em></strong></span> <span class='ocrx_word' id='word_1_233' title='bbox 134 3409 278 3471; x_wconf 71' lang='grc' dir='ltr'><strong><em>ἕωςΑΒλ)</em></strong></span> <span class='ocrx_word' id='word_1_234' title='bbox 297 3430 366 3469; x_wconf 79' lang='lat' dir='ltr'><strong>corr.</strong></span> <span class='ocrx_word' id='word_1_235' title='bbox 386 3416 530 3486; x_wconf 76' lang='lat' dir='ltr'>Kiessling</span> <span class='ocrx_word' id='word_1_236' title='bbox 618 3426 649 3474; x_wconf 77' lang='lat'><strong><em>17</em></strong></span> <span class='ocrx_word' id='word_1_237' title='bbox 669 3419 728 3492; x_wconf 84' lang='grc' dir='ltr'><strong><em>&lt;δ&gt;</em></strong></span> <span class='ocrx_word' id='word_1_238' title='bbox 746 3420 777 3474; x_wconf 90' lang='lat' dir='ltr'><strong><em>in</em></strong></span> <span class='ocrx_word' id='word_1_239' title='bbox 794 3437 849 3476; x_wconf 83' lang='lat' dir='ltr'>ras.</span> <span class='ocrx_word' id='word_1_240' title='bbox 869 3420 917 3474; x_wconf 94' lang='lat' dir='ltr'><strong><em>Bb</em></strong></span> <span class='ocrx_word' id='word_1_241' title='bbox 1007 3428 1038 3478; x_wconf 78' lang='lat'><strong><em>19</em></strong></span> <span class='ocrx_word' id='word_1_242' title='bbox 1057 3420 1130 3477; x_wconf 84' lang='grc' dir='ltr'><strong><em>εἰειτ.</em></strong></span> 
     </span>
    </p>
   </div>
   <div class='ocr_carea' id='block_1_10' title="bbox 133 3479 1130 3566">
    <p class='ocr_par' dir='ltr' id='par_1_10' title="bbox 133 3479 1130 3566">
     <span class='ocr_line' id='line_1_34' title="bbox 133 3479 1130 3566; baseline 0.017 -38"><span class='ocrx_word' id='word_1_243' title='bbox 133 3479 179 3530; x_wconf 78' lang='lat' dir='ltr'><strong><em>Ba</em></strong></span> <span class='ocrx_word' id='word_1_244' title='bbox 217 3481 305 3533; x_wconf 86' lang='grc' dir='ltr'><strong><em>ἰενται</em></strong></span> <span class='ocrx_word' id='word_1_245' title='bbox 323 3483 369 3536; x_wconf 87' lang='lat' dir='ltr'><strong><em>Bb</em></strong></span> <span class='ocrx_word' id='word_1_246' title='bbox 407 3487 481 3540; x_wconf 74' lang='grc' dir='ltr'><strong><em>ἵεντο</em></strong></span> <span class='ocrx_word' id='word_1_247' title='bbox 500 3489 526 3540; x_wconf 84' lang='lat' dir='ltr'><strong>R</strong></span> <span class='ocrx_word' id='word_1_248' title='bbox 601 3495 634 3542; x_wconf 79' lang='lat'><strong><em>22</em></strong></span> <span class='ocrx_word' id='word_1_249' title='bbox 654 3493 745 3564; x_wconf 77' lang='grc' dir='ltr'><strong><em>πολλῷ</em></strong></span> <span class='ocrx_word' id='word_1_250' title='bbox 765 3491 817 3546; x_wconf 81' lang='grc' dir='ltr'><strong><em>σὺν</em></strong></span> <span class='ocrx_word' id='word_1_251' title='bbox 836 3490 930 3566; x_wconf 81' lang='grc' dir='ltr'><strong><em>κόσμῳ</em></strong></span> <span class='ocrx_word' id='word_1_252' title='bbox 950 3494 972 3547; x_wconf 94' lang='grc' dir='ltr'><strong>Ο</strong></span> <span class='ocrx_word' id='word_1_253' title='bbox 992 3489 1130 3563; x_wconf 76' lang='grc' dir='ltr'><strong><em>ρεαολοεΒ</em></strong></span> 
     </span>
    </p>
   </div>
   <div class='ocr_carea' id='block_1_11' title="bbox 0 0 1199 3892">
    <p class='ocr_par' dir='ltr' id='par_1_11' title="bbox 0 0 1199 3892">
     <span class='ocr_line' id='line_1_35' title="bbox 0 0 1199 3892; baseline 0 0"><span class='ocrx_word' id='word_1_254' title='bbox 0 0 1199 3892; x_wconf 95' lang='lat' dir='ltr'><strong><em> </em></strong></span> 
     </span>
    </p>
   </div>
  </div>
 </body>
</html>
