2384 3902
582 163 746 213 ...E-2.

152 341 219 395 τῶν
248 329 474 414 ἐπιτυχόντων
502 326 734 413 ἐκκομίσαντες
762 327 798 393 ἐκ
825 336 882 410 τῆς
909 330 1034 403 πόλεως
1061 329 1152 392 καίειν

152 461 187 502 τε
221 435 277 502 καὶ
306 437 461 501 θάπτειν·
498 435 518 519 η
547 435 662 520 μέντοι
690 434 795 518 βουλὴ
824 440 983 519 μαθοῦσα
1010 434 1054 510 ὡς
1080 427 1151 517 εἶχεν

153 543 267 620 αὐτοῖς
290 543 330 607 τά
352 543 526 628 πράγματα
551 541 725 626 [ἀπόρως],
748 541 784 606 ἐκ
806 552 873 606 τῶν
896 542 1067 625 δημοσίων
1089 539 1151 623 ἐψη-

153 652 275 734 φίσατο
303 649 480 735 χρημάτων
508 648 793 735 ἐπιχορηγηθῆναι
820 650 878 726 τὰς
906 650 953 726 είς
975 649 1038 732 την
1060 648 1180 730 ταφῆναι

126 756 318 839 ὑδαπάυας,
347 753 402 820 καί
425 759 564 842 χωρίον,
588 759 675 821 ἐνθα
697 756 825 839 ἐκαύθη
849 753 905 820 καὶ
929 755 1051 839 ἐτάφη,
1077 757 1150 840 μόνη

152 873 219 927 τῶν
247 862 360 948 μέχρις
389 861 470 946 ἐμοῦ
497 861 689 947 γενομένων
713 860 886 948 ἐπιφανῶν
909 861 1047 946 ἀνδρῶν
1069 859 1102 925 ἐν
1121 868 1149 944 η’]

152 971 247 1034 πόλει
270 968 434 1051 σύνεγγυς
453 976 510 1050 τῆς
528 967 651 1054 ἀγορᾶς
670 965 841 1046 ἀπέδειξεν
859 966 916 1033 ὑπ’
936 967 1091 1043 Οὐελίας·
1110 963 1149 1030 καὶ

153 1077 244 1140 ἐστιν
272 1074 382 1159 ὥσπερ
411 1074 502 1160 ἱερὸν
529 1083 629 1140 τοῦτο
657 1084 728 1153 τοῖς
755 1074 788 1154 ἐξ
812 1060 943 1141 ἐκείνου
966 1071 1149 1158 τοῦγένους

153 1179 382 1246 ἐνθάπτεσθαι
414 1179 606 1265 ἀνειμένον,
640 1182 764 1258 παντὸς
794 1183 943 1247 πλούτου
976 1178 1034 1246 καὶ
1064 1180 1149 1260 πάσης

113 1303 139 1343 1⁰
153 1289 322 1371 βασιλείας
348 1296 499 1370 κρεῖττον
527 1286 675 1371 ἀγαθόν,
708 1293 813 1364 εἴτις
840 1289 885 1372 μὴ
913 1298 985 1365 ταῖς
1008 1286 1150 1352 ἐπονειδί·

154 1411 244 1472 στοις
266 1393 405 1477 ἡδοναῖς
428 1403 541 1480 μετρεῖ
560 1395 623 1477 την
647 1393 877 1478 εὐδαιμονίαν,
901 1394 985 1460 ἀλλὰ
1005 1402 1054 1482 τῷ
1072 1398 1148 1479 καλῷ.

112 1500 337 1587 4Οὐαλέριος
374 1495 435 1585 μέν
472 1500 513 1584 δὴ
547 1503 761 1577 Ποπλικόλας
797 1496 903 1566 οὐθὲν
938 1501 999 1580 ἔξω
1035 1509 1091 1584 τῆς
1117 1501 1149 1575 είς

152 1608 335 1691 τάναγκαῖα
369 1607 518 1689 δαπάνης
545 1608 734 1689 κτήσασθαι
760 1609 997 1693 προελόμενος,
1034 1607 1078 1684 ὡς
1101 1617 1149 1669 τῶν

153 1713 418 1798 πολυχρημάτων
441 1735 490 1789 τις
513 1711 678 1795 βασιλέων
702 1717 866 1798 λαμπραῖς
883 1713 948 1778 ὐπὸ
968 1721 1029 1797 τῆς
1046 1715 1150 1787 πόλεως

115 1834 140 1874 15
155 1819 325 1903 ἐκοσμήθη
358 1829 493 1902 ταφαῖς·
532 1816 587 1883 καὶ
620 1818 723 1884 αὐτὸν
747 1813 918 1904 Ῥωμαίων
950 1820 988 1885 αἱ
1017 1829 1150 1904 γυναῖκες

154 1927 278 1991 ἅπασαι
310 1925 548 2009 συνειπάμεναι
578 1926 639 1990 τὸν
670 1926 774 1992 αὐτὸν
799 1929 926 2012 τρόπον
953 1928 1067 2012 ὥσπερ
1089 1925 1150 1990 Ἰοὐ

154 2055 230 2098 νιου
243 2036 397 2118 Βροῦτον
421 2028 581 2096 ἀποθέσει
600 2043 730 2118 χρυσοῦ
748 2055 783 2098 τε
801 2031 856 2098 καὶ
875 2034 1055 2120 πορφύρας
1070 2033 1150 2117 <τὸν>

154 2137 327 2205 ἐνιαύσιον
364 2136 557 2221 ἐπένθησαν
589 2141 728 2224 χρόνον,
765 2139 810 2217 ὡς
842 2143 921 2218 ἔθος
955 2139 1072 2218 αὐταῖς
1101 2139 1178 2203 &ousae

153 2253 293 2312 πενθεῖν
317 2243 370 2311 ἐπὶ
385 2256 462 2322 τοῖς
486 2245 679 2329 ἀναγκαίοις
701 2257 768 2311 τῶν
792 2257 965 2330 συγγενῶν
989 2247 1110 2330 κηδεσι.

114 2368 141 2408 2⁰
220 2351 454 2418 XXXXVIIII.
487 2355 583 2417 Μετὰ
609 2350 646 2418 δὲ
673 2354 734 2419 τὸν
757 2352 911 2419 ἐνιαυτὸν
934 2353 1068 2420 ἐκεῖνον
1089 2354 1150 2418 ὐπα-

155 2483 208 2525 τοι
243 2462 464 2526 καθίστανται
495 2462 644 2544 Σπόριος
671 2460 820 2538 Κάσσιος
848 2460 1068 2538 Οὐεκελλῖνος
1101 2457 1150 2523 ἐπι·

155 2566 360 2649 καλούμενος
383 2562 437 2630 καὶ
457 2559 595 2651 Ὀπίτωρ
620 2564 818 2650 Οὐεργίνιος
841 2567 1009 2650 Τρικάτος.
1044 2561 1095 2650 ἐφ’
1117 2560 1150 2627 ὧν

156 2671 174 2737 ὁ
202 2671 284 2756 πρὸς
307 2674 479 2755 Σαβίνους
505 2675 648 2756 πόλεμος
675 2670 740 2738 ὑπὸ
768 2670 916 2759 θατέρου
942 2684 1011 2738 τῶν
1035 2672 1150 2737 ὑπάτων

156 2781 311 2863 Σπορίου
326 2780 495 2861 κατελύθη
515 2778 620 2865 μάχης
639 2781 776 2865 ἰσχυρᾶς
788 2777 971 2864 γενομένης
985 2780 1026 2845 οὐ
1041 2777 1151 2864 μακράν

114 2899 141 2940 ²5
155 2891 213 2968 τῆς
236 2885 391 2970 Κυριτῶν
414 2889 553 2963 πόλεως·
586 2885 619 2964 ἐξ
642 2881 681 2969 ης
704 2884 876 2952 ἀπέθανον
899 2882 961 2970 μὲν
983 2884 1070 2971 ἀμφὶ
1090 2885 1150 2956 τούς

227 3083 243 3131 3
267 3076 380 3148 ἀπόρως
403 3077 457 3133 del.
482 3077 571 3133 Cobet
591 3078 655 3135 Obs.
675 3097 701 3149 p.
719 3086 767 3134 101
860 3086 874 3133 ⁷
898 3071 953 3133 ὐπὸ
976 3073 1069 3139 ἐλέους
1085 3072 1147 3151 ACD

155 3148 285 3218 ὐπελεσζίί
301 3149 348 3201 Ba
383 3146 433 3202 ὐπ’
451 3146 547 3203 ἐλέουσ
564 3150 611 3202 Bb
630 3150 743 3205 Veliam
757 3149 911 3220 significari
926 3147 1103 3203 casaubonus
1119 3161 1148 3196 τι·

157 3215 201 3268 dit
271 3217 403 3286 θττάσης
425 3218 531 3273 add.B
606 3228 638 3274 10
662 3218 863 3284 ἐπονειδίστοις
886 3221 993 3276 add.B
1066 3223 1096 3272 17
1112 3215 1148 3269 τὸν

159 3285 222 3338 add.
242 3286 411 3356 Grasberg‘er
425 3289 500 3344 Τοεε.
515 3290 630 3362 Herbip.
644 3311 672 3362 p.
687 3300 721 3347 2⁸1
758 3300 789 3347 21
810 3293 979 3354 Οὐσκελῖνος
993 3291 1015 3344 Α
1045 3290 1148 3344 Οὐεκελ-

161 3353 235 3412 ὐῖνοε
255 3357 274 3406 Β
313 3359 494 3421 Οὐεκελλῖνος
511 3359 666 3417 Mommsen
684 3363 833 3418 Rbmische
852 3363 1052 3431 Forschungen
1070 3362 1148 3430 p.108

162 3423 196 3468 ῃ
217 3439 376 3487 ‘mammos
394 3428 439 3482 Ba
475 3431 603 3499 τρικάτος
621 3433 694 3488 BbO
731 3433 876 3504 στρικάτος
894 3436 920 3487 Α
