2384 3902
152 192 217 258 286
581 193 743 246 -ς-
873 213 882 230 ·

151 352 353 437 ἀνέστρεψεν
381 356 428 432 είς
455 354 517 438 τὴν
544 357 644 420 πόλιν
668 353 826 441 ἐκπρεπεῖ
845 353 1008 442 θριάμβῳ
1031 355 1157 438 κοσμού-

151 484 251 546 μενος
278 461 391 526 ὅπλων
417 484 453 528 τι
481 463 594 547 σωρὸν
622 458 675 545 ἐφ’
698 459 837 546 ἁμάξαις
864 465 1008 537 πολλαῖς
1029 463 1157 544 κομίζων

150 566 206 633 καὶ
246 568 423 654 χρημάτων
460 578 707 654 στρατιωτικῶν
742 569 956 654 παρασκευὰς
995 566 1156 654 ἀφθόνους

151 674 332 759 εἰσφέρων,
359 673 415 740 καὶ
439 678 519 752 τοὺς
542 675 683 752 ἁλόντας
706 674 743 740 ἐν
765 683 807 760 τῇ
830 675 918 761 μάχη
942 676 1155 740 πεντωιοσίον

123 780 357 858 εάποδέοντας
378 779 618 867 ἑξακισχιλίους
636 781 848 866 ἐπαγόμενος.
886 782 950 847 ἀπὸ
972 779 1009 846 δέ
1028 791 1097 846 τῶν
1112 785 1155 846 λα-

151 888 271 972 φύρων
299 887 490 972 ἐξελόμενος
511 890 570 964 τάς
593 889 731 966 δεκάτας
754 887 887 972 ἀγῶνάς
909 911 945 954 τε
968 885 1027 954 καί
1050 890 1154 964 θυσίας

150 1003 220 1069 τοῖς
237 998 332 1071 θεοῖς
349 993 414 1058 άπὸ
432 994 673 1080 τετταράκοντα
691 995 865 1060 ταλάντων
883 993 991 1059 ἐποίει
1008 991 1066 1058 καί
1078 1004 1154 1058 ναῶν

149 1102 353 1177 κατασκευὰς
371 1093 574 1184 ἐξεμίσθωσε
588 1103 744 1187 Δήμητρι
758 1099 813 1166 καὶ
826 1101 989 1188 Διονύσῳ
1004 1098 1061 1165 καὶ
1073 1103 1152 1184 Κόρη

115 1202 221 1272 3κατ’
247 1207 357 1292 εὐχήν.
403 1207 586 1273 ἐσπάνισαν
616 1208 680 1292 γάρ
711 1208 749 1272 αί
761 1205 898 1293 ,τροφαὶ
928 1215 992 1271 τοῦ
1021 1205 1153 1290 πολέμου

111 1333 137 1371 10
150 1309 221 1379 κατ’
244 1313 346 1399 ἀρχάς
368 1312 423 1378 καὶ
445 1316 553 1379 πολὺν
576 1313 692 1390 αὐτοῖς
714 1311 882 1408 παρέσχον
906 1316 1018 1397 φόβον
1037 1313 1082 1390 ὡς
1098 1313 1152 1378 ἐπι-

150 1423 342 1504 λείψουσαι,
374 1427 433 1504 τῆς
462 1443 498 1485 τε
530 1430 591 1504 γῆς
624 1419 775 1505 ἀκάρπου
806 1419 992 1504 γενομένης
1023 1417 1078 1484 καὶ
1107 1427 1184 1500 τῆςιιιι

151 1526 277 1605 ἔξωθεν
300 1526 424 1612 ἀγορᾶς
447 1525 559 1593 οὐκέτι
580 1524 888 1613 παρακομιζομένης
912 1527 971 1591 διά
993 1528 1053 1592 τὸν
1070 1529 1152 1591 πόλε-

150 1655 224 1717 μον.
267 1634 323 1698 διὰ
349 1641 448 1698 τοῦτο
475 1634 513 1697 τὸ
542 1631 618 1709 δέος
640 1630 898 1711 ἀνασκέψασθαι
920 1634 962 1697 τά
985 1633 1151 1716 Σιβύλλεια

149 1731 229 1816 τοὺς
252 1741 403 1822 φύλακας
426 1739 536 1804 αὐτῶν
556 1740 715 1816 κελεύσας
733 1739 778 1816 ὡς
797 1742 935 1824 ἔμαθεν,
959 1739 1011 1804 ότι
1028 1739 1151 1813 τούτους

110 1862 136 1902 1⁵
151 1843 367 1922 ἐξιλάσασθαι
388 1847 468 1922 τοὺς
490 1847 593 1923 θεοὺς
617 1846 652 1910 οί
671 1843 815 1931 χρησμοί
837 1847 1046 1929 κελεύουσιν,
1067 1845 1149 1928 εὐχάς

151 1950 264 2028 αὐτοῖς
295 1951 474 2036 ἐποιήσατο
505 1950 636 2037 μέλλων
668 1951 797 2036 ἐξάγειν
827 1955 888 2019 τὸν
916 1955 1073 2038 στρατόν,
1100 1952 1149 2017 ἐὰν

150 2057 303 2143 εὐετηρία
325 2058 460 2144 γένηται
483 2061 566 2124 κατά
587 2060 649 2144 τὴν
671 2062 771 2125 πόλιν
794 2058 848 2126 ἐπὶ
869 2069 929 2143 τῆς
948 2062 1036 2136 ίδίας
1053 2059 1147 2143 ἀρχῆς,
1182 2131 1183 2134 ,

150 2167 205 2231 οἵα
227 2168 389 2252 πρότερον
412 2161 470 2248 ἦν,
500 2166 603 2242 ναούς
625 2161 654 2229 τ’
682 2163 796 2243 αὐτοῖς
817 2166 1083 2252 καθιδρύσεσθαι
1101 2161 1146 2228 καί

114 2273 272 2350 4θνσίας
298 2273 564 2354 καταστήσεσθαι
592 2269 674 2337 καθ’
697 2271 837 2337 ἕκαστον
860 2271 1027 2338 ἐνιαυτόν.
1070 2271 1099 2336 οί
1115 2268 1141 2333 δ’

109 2397 136 2436 2⁰
150 2379 399 2457 ὑπακούσαντες
420 2381 488 2462 τήν1
504 2402 539 2445 τε
562 2387 626 2462 γῆν
644 2380 897 2463 παρεσκεύασαν
914 2377 1047 2444 ἀνεῖναι
1061 2382 1144 2455 πλον

149 2489 243 2563 σίους
265 2487 423 2571 καρπούς,
449 2485 489 2551 ού
512 2487 619 2569 μόνον
641 2485 703 2568 τὴν
727 2487 903 2570 σπόριμον,
927 2484 1014 2550 άλλδι
1031 2482 1080 2550 καὶ
1095 2484 1143 2564 τὴν

149 2592 394 2679 δενδροφόρον,
416 2591 472 2658 καὶ
494 2592 552 2668 τὰς
574 2591 788 2669 ἐπεισάκτους
807 2591 931 2676 ἀγοράς
949 2590 1075 2668 άπάσας
1090 2589 1141 2655 ἐπι-

148 2700 267 2764 κλύσαι
296 2704 422 2783 μᾶλλον
448 2698 469 2782 ἢ
497 2702 675 2783 πρότερον·
708 2698 791 2784 άπερ
815 2697 905 2784 δρῶν
929 2696 1031 2775 αὐτὸς
1052 2697 1069 2762 δ
1088 2701 1139 2760 Πο

148 2807 283 2889 στόμιος
306 2805 493 2890 ἐψηφίσατο
516 2808 574 2882 τάς
596 2816 663 2870 τῶν
686 2815 779 2870 ναῶν
800 2805 929 2869 τούτων
951 2801 1138 2875 κατασκευάς.

108 2929 134 2971 26
143 2907 296 2998 Ῥωμαῖοι
324 2910 385 2997 μὲν
410 2914 451 2996 δὴ
474 2913 533 2977 τὸν
556 2912 758 2998 τυραννικὸν
781 2910 994 2994 ἀπωσάμενοι
1017 2911 1136 2992 πόλεμον

148 3020 264 3107 εὐνοία
287 3026 379 3085 θεῶν
403 3019 440 3085 ἐν
464 3017 593 3103 ἑορταῖς
615 3042 650 3085 τε
673 3017 729 3084 καὶ
751 3020 888 3094 θυσίαις
910 3013 1008 3101 ἦσαν.

220 3171 433 3245 1ἐκπρεπεῖΑ
470 3176 607 3244 εὐπρεπεῖ
622 3177 648 3229 R
720 3181 753 3230 10
772 3170 917 3243 ἐπιλεῖψαι
940 3173 1023 3228 ΑΒΕ
1059 3167 1136 3228 ἐπιλεί-
1180 3215 1181 3226 ,

148 3255 255 3310 ψουσαι
273 3245 347 3313 Cmg
418 3250 452 3298 15
472 3241 620 3310 ἔξιλᾶσθαι
637 3246 690 3300 AB
762 3251 796 3299 22
815 3244 950 3308 πάσαςΟ
1013 3251 1046 3299 23
1063 3239 1135 3307 αὐτὸς]

150 3313 245 3373 αὐτοῖς
263 3315 406 3368 Μουῖιιιετ
423 3334 449 3384 p.
466 3322 517 3370 256
590 3324 625 3371 24
644 3313 804 3386 ἐψηφίσατο
822 3315 845 3368 Β
864 3315 895 3368 in
912 3331 979 3384 mgo
998 3315 1061 3369 add.
1076 3315 1079 3382 Ι
1092 3309 1136 3365 τοί·

151 3396 205 3430 των
223 3381 270 3432 Ba
304 3384 408 3457 το<τε>
426 3384 471 3437 Bb
508 3383 569 3440 τότε
587 3386 613 3439 Α
685 3393 719 3442 25
739 3386 788 3442 τόν
808 3403 861 3441 om.
880 3385 904 3438 B
920 3391 924 3455 Ι
941 3384 1029 3448 ούτως
1046 3378 1136 3438 ἀπωσά-

54 3471 70 3485 -
153 3461 232 3508 μενοι
249 3464 272 3500 ο.
290 3450 393 3505 Reiske
465 3461 499 3508 26
517 3475 546 3509 τε
566 3473 619 3510 om.
638 3456 662 3509 B
