2400 3912
518 245 683 295 ..Λ-
1062 227 1111 306 ’χ

97 402 287 488 Ταρκύνιον
322 403 492 489 ἡμιθνῆτα
526 407 666 488 ἐθεσαν,
703 406 766 489 τὴν
797 399 830 470 θ’
862 399 1029 490 Ὀκρισίαν
1056 403 1112 470 καὶ

92 509 154 574 τὸν
185 510 330 576 Τύλλιον
357 509 413 576 καὶ
440 512 503 594 τὴν
531 510 702 597 θυγατέρα
729 512 793 594 τὴν
816 519 1042 576 συνοικοῦσαν
1064 520 1111 599 τῷ

98 619 229 704 Ῥυλλίφ
256 627 467 702 κατασχοῦσα
494 614 551 682 καὶ
578 618 619 682 τὰ
645 619 762 694 παιδία
789 617 855 684 ὑπὸ
882 628 949 683 τῶν
974 629 1112 703 τροφῶν

93 722 274 807 ἐνεχθῆναι
287 724 472 790 κελεύσασα
488 721 577 807 λέγει
592 726 676 810 πρὸς
693 723 828 801 αύτούς·
851 725 1036 811 Ταρκύνιος
1050 722 1112 810 μὲν
1126 725 1148 789 4

91 828 175 912 ἡμῖν
203 828 221 894 ὁ
245 831 416 914 βασιλεύς,
445 826 471 896 ὦ
498 831 632 914 Τύλλιε,
660 826 738 916 παρ’
761 821 787 918 ᾧ
810 839 938 914 τροφῆς
959 827 1015 895 καὶ
1037 847 1138 895 παι-ι

93 936 187 1012 θείας
209 938 336 1020 ἐτυχες,
361 936 518 1003 ἁπάντων
541 937 681 1021 μάλιστα
705 933 742 1002 σὲ
765 939 905 1022 τιμησας
928 940 1038 1022 φίλων
1055 934 1112 1002 καὶ

93 1053 271 1126 συγγενῶν
294 1042 413 1108 ιἰνόσια
432 1044 554 1110 παθῶν
573 1043 802 1130 ἐκπεπλήρωκε
820 1045 882 1128 τὴν
901 1041 1023 1110 ἑαυτοῦ
1041 1054 1113 1129 μοί-

41 1168 90 1217 642
99 1173 166 1234 ραν
185 1149 263 1215 ούτε
281 1149 356 1237 περὶ
373 1160 442 1217 τῶν
457 1152 554 1216 cocum
572 1151 774 1237 πραγμάτων
796 1149 997 1235 διαθέμενος
1011 1147 1113 1217 οὐδὲν

92 1257 173 1322 οὔτε
196 1254 271 1344 περὶ
293 1267 361 1322 τῶν
383 1268 507 1324 κοινῶν
529 1255 586 1322 καί
608 1262 788 1322 πολιτικῶν
811 1255 1009 1341 ἐπισκήψας,
1038 1251 1110 1323 ἀλλ’

93 1358 171 1429 οὐδ’
204 1363 423 1429 ἀσπάσασθαί
447 1385 523 1430 τινα
545 1363 640 1447 ἡμῶν
663 1361 719 1428 καὶ
741 1371 1012 1450 προσαγορεῦσαι
1034 1366 1113 1441 τοὺς
1126 1384 1153 1424 ιο
1191 1418 1198 1432 ,

91 1469 255 1555 ἐσχάτους
282 1470 476 1554 ἀσπασμοὺς
504 1472 673 1554 δυνηθείς.
710 1473 817 1556 ἐρημα
841 1465 877 1535 δέ
900 1468 956 1535 καί
979 1469 1114 1554 ὀρφανὰ
1165 1493 1173 1500 ‘

91 1578 134 1641 τὰ
155 1577 304 1660 δύστηνα
321 1574 416 1642 ταυτὶ
434 1578 551 1666 παιδία
569 1579 800 1642 καταλείπεται
817 1577 981 1641 κίνδυνον
999 1575 1040 1640 οὐ
1053 1578 1113 1642 τὸν

94 1682 272 1767 ἐλάχιστον
295 1680 380 1768 ὑπὲρ
402 1691 461 1766 τῆς
482 1691 590 1768 ψυχης
612 1682 785 1769 τρέχοντα·
809 1684 840 1748 εί
860 1682 926 1767 γὰρ
944 1679 997 1748 έπί
1015 1687 1113 1767 Μαρ-

93 1792 182 1866 κίοις
204 1800 276 1868 τοῖς
298 1789 456 1855 ἀνελοῦσι
478 1789 538 1854 τὸν
561 1789 696 1855 πάππον
720 1789 831 1855 αὐτῶν
853 1789 894 1852 τὰ
911 1795 969 1872 τῆς
986 1791 1114 1867 πόλεως

94 1897 189 1960 ἐσται
210 1895 397 1981 πράγματα,
420 1896 480 1961 τὸν
503 1900 670 1961 οἴκτιστον
688 1895 893 1961 ἀπολοῦνται
910 1897 1036 1980 τρόπον
1054 1890 1110 1960 ὑπ’
1128 1914 1154 1956 ιε

94 2001 222 2068 αὐτῶν
246 2004 338 2066 ἔσται
361 1997 393 2085 γ’
421 1996 495 2068 οὐδ’
517 2000 598 2085 ὑμῖν
620 2002 773 2086 ἀσφαλὴς
796 2000 814 2066 ὁ
838 2003 927 2085 βίος,
950 1994 1001 2078 οίς
1024 2001 1113 2086 ένεγ-

94 2108 201 2191 γύησε
219 2109 405 2192 Ταρκύνιος
422 2109 481 2184 τὰς
498 2107 622 2174 ἑαυτοῦ
639 2105 829 2192 θυγατέρας
848 2108 996 2184 ἐκείνους
1014 2107 1113 2192 ὑπερ-

97 2215 191 2298 ιδύν,
216 2213 278 2280 ἐὰν
299 2215 335 2280 οἱ
355 2214 582 2298 φονεύσαντες
606 2213 710 2279 αὐτὸν
733 2215 795 2297 τὴν
818 2214 924 2298 ἀρχὴν
947 2214 1114 2299 κατύσχω-
1144 2215 1145 2220 ’

95 2336 167 2404 σιν,
201 2317 283 2386 οὐδὲ
314 2331 387 2396 τοῖς
417 2321 531 2397 ἄλλοις
558 2320 664 2385 αὐτοῦ
692 2322 805 2404 φίλοις
832 2317 889 2384 καί
916 2319 1113 2403 συγγενέσιν

96 2423 170 2492 οὐδ’
193 2427 274 2510 ἡμῖν
301 2437 374 2504 ταῖς
401 2426 535 2504 ἀθλίαις
561 2425 728 2509 γυναιξίν·
766 2425 850 2490 ἀλλὰ
876 2425 1002 2503 πάντας
1027 2425 1113 2512 ἡμᾶς
1128 2444 1154 2485 εο

95 2544 253 2618 φανερῶς
284 2556 319 2599 τε
350 2531 406 2599 καὶ
437 2533 551 2620 κρύφα
582 2533 798 2618 πειράσονται
825 2531 982 2598 διολέσαι.
1019 2529 1150 2600 ταῦτ’5

97 2635 160 2706 οὖν
180 2637 456 2724 ἐνθυμουμένους
473 2640 559 2724 ἡμᾶς
577 2640 631 2704 δεῖ
647 2640 691 2723 μὴ
709 2648 870 2726 περιορᾶν
888 2643 967 2717 τοὺς
986 2640 1114 2706 ἐκεῖνον

97 2745 356 2823 ἀποκτείναντας
374 2748 500 2833 ἄνδρας
519 2745 678 2822 ἀνοσίους
690 2743 746 2810 καὶ
759 2755 862 2811 πᾶσιν
875 2745 957 2830 ἡμίν
970 2745 1115 2832 ἐχθροὺς

44 2854 270 2936 643τοσαύτην
298 2851 404 2936 ἀρχὴν
427 2850 670 2936 κτησαμένους,
698 2847 771 2916 ἀλλ’
799 2853 1037 2918 ἐναντιοῦσθαι
1059 2851 1115 2918 καὶ

97 2955 240 3024 κωλύειν
262 2967 328 3023 νῦν
352 2954 414 3042 μέν
437 2957 543 3044 ἀπάτη
567 2955 622 3023 καί
646 2959 736 3046 δόλῳ
759 2957 1001 3045 χρησαμένους·
1038 2960 1113 3024 τού·
1128 2975 1155 3016 2⁵

170 3150 238 3206 Ιόκ
240 3149 417 3223 ρ<ι>σίανΒ
490 3152 643 3214 ῶπαιθίας
660 3150 707 3203 Ba.
779 3149 943 3204 ’ίαύτοῦΒ
1014 3157 1047 3204 10
1066 3151 1115 3205 καὶ

99 3221 122 3275 Β
167 3219 235 3277 οῦδὲ
254 3222 280 3276 R
316 3219 382 3276 οὐδὲ
407 3219 596 3277 ἀσπάσασθαί
615 3242 680 3276 τινα
698 3221 777 3291 ἡμῶν
799 3220 835 3274 τὰ
856 3218 959 3290 ἔσχατα
978 3222 1116 3290 δυνηθεὶς

101 3310 123 3348 ο,
142 3293 272 3348 Schnelle
292 3290 406 3348 exercit.
426 3294 487 3347 crit.
506 3311 534 3362 p.
551 3299 583 3346 12
658 3299 691 3347 12
710 3293 835 3346 λείπεται
853 3291 907 3344 ΑΒ
933 3299 954 3355 λ
963 3293 996 3348 ού
1016 3309 1070 3347 om
1090 3293 1115 3346 A

102 3363 187 3434 16*γ
170 3362 310 3488 γ’χτεθ
343 3361 375 3418 δὲ
399 3363 501 3433 Pfiugk
520 3381 573 3419 om„
597 3363 671 3419 Prou
695 3367 699 3427 Ι
725 3359 857 3451 ἐνεγύησε
880 3361 903 3415 Β
945 3363 1067 3435 ἠγγύησε
1091 3382 1114 3418 ο.

102 3433 194 3488 LDin
216 3433 350 3492 orfAnn.
369 3434 438 3504 phil.
461 3440 529 3489 1869
545 3453 575 3524 p
569 3441 638 3491 ,831
686 3442 718 3489 21
740 3431 946 3507 θκο>λὲσαιΒ
990 3441 1023 3490 23
1044 3437 1115 3490 ἀπο-

103 3507 261 3569 κτείνοντας
281 3509 304 3560 Α
376 3513 411 3561 24
430 3523 619 3576 κτησομενους
637 3506 796 3576 Stephanus
