2400 3912
150 197 195 262 34
579 199 743 248 -Δ-

152 357 311 444 δευτέραν
341 365 445 426 εἴκοσι
472 357 527 426 καί
555 360 618 424 δύο
646 361 711 424 σὺν
737 368 808 436 τοῖς
835 356 1070 444 χειροτέχναις·
1102 359 1149 442 τήν

153 463 189 532 δὲ
218 468 332 552 τρίτην
361 473 478 532 εἴκοσι·
514 467 576 550 τήν
605 462 642 531 δὲ
670 467 832 552 τετάρτην
858 466 960 531 πάλιν
987 470 1090 530 εἴκοσι’
1109 464 1150 530 καὶ

153 574 215 638 δύο
253 575 318 639 σὺν
352 583 422 651 τοῖς
454 578 649 650 σαλπισταῖς
680 571 737 638 καὶ
768 576 996 656 βυκανισταῖς·
1036 573 1096 655 τήν
1123 568 1151 635 δέ

151 679 301 764 πέμπτην
324 679 513 765 τριάκοντα·
541 680 605 762 τήν
629 674 660 744 δ’
687 677 741 744 ἐπὶ
763 679 884 756 πάσαις
901 677 1101 763 τεταγμένην
1117 670 1152 754 εἷς

127 789 248 871 ελόχος
271 786 289 852 ὁ
312 795 380 850 τῶν
405 785 549 869 ἀπόρων.

216 908 359 974 XVIIII.
386 910 496 994 Ταύτη
515 917 554 995 τῇ
574 910 791 994 διακοσμήσει
809 910 1016 994 χρησάμενος
1034 911 1092 986 τὰς
1106 906 1153 993 μὲν

149 1026 217 1080 τῶν
241 1026 451 1099 στρατιωτῶν
473 1017 688 1102 καταγραφὰς
710 1017 793 1080 κατά
814 1017 877 1099 τήν
895 1016 1062 1101 διαίρεσιν
1081 1015 1154 1080 ἐποι-

150 1132 218 1186 εῖτο
246 1123 307 1205 τήν
335 1132 402 1188 τῶν
430 1125 554 1208 λόχων,
581 1123 640 1200 τὰς
669 1120 706 1187 δὲ
728 1132 796 1186 τῶν
819 1124 989 1206 εἰσφορῶν
1013 1122 1155 1206 ἐπιταγὰς

150 1229 232 1292 κατά
254 1229 295 1292 τά
317 1231 481 1313 τιμήματα
503 1240 571 1296 τῶν
595 1231 688 1312 βίων.
726 1228 824 1294 ὁπότε
842 1230 905 1314 γάρ
926 1228 1015 1316 αὐτῷ
1036 1230 1184 1312 δεήσειεῶλ

115 1337 281 1421 ωμνρίων
304 1334 325 1418 ή
350 1337 548 1422 δισμυρίων,
572 1337 603 1401 εί
624 1336 729 1421 τύχοι,
754 1344 975 1420 στρατιωτῶν,
999 1337 1155 1401 καταδιαι-

152 1451 220 1527 ρῶν
239 1442 276 1506 τὸ
296 1447 426 1524 πλήῶος
445 1443 492 1518 εἰς
510 1445 589 1519 τοὺς
607 1441 725 1508 ἑκατὸν
743 1440 1033 1526 ἐνενηκοντατρεῖς
1048 1445 1156 1526 λόχους

149 1550 188 1613 τὸ
224 1548 403 1631 ἐπιβάλλον
432 1547 556 1635 ἑκάστῳ
584 1550 670 1636 λόχφ
698 1553 828 1631 πλῆθος
855 1546 985 1613 ἐκέλευε
1012 1547 1157 1634 παρέχειν

151 1653 291 1718 ἕκαστον
319 1656 433 1737 λόχον·
475 1654 536 1736 τήν
560 1650 597 1719 δὲ
621 1655 773 1738 δαπάνην
795 1655 857 1737 τήν
880 1656 928 1730 εἰς
949 1656 1009 1719 τὸν
1033 1654 1156 1719 ἐπισιτι-

152 1761 236 1843 σμὸν
264 1769 332 1823 τῶν
359 1758 631 1844 στρατευομένων
657 1759 712 1826 καὶ
735 1763 863 1838 εἰςτὰς
886 1762 988 1837 άλλας
1010 1763 1159 1847 χορηγίας

116 1867 209 1941 ιετδις
245 1866 423 1948 πολεμικάς
460 1865 805 1951 ἐπιτελεσθησομένην
841 1868 1158 1953 συμμετρησάμενος,

152 1971 257 2053 ὁπόση
281 1971 336 2047 ’τις
364 1970 511 2055 ἀρκοῦσα
535 1975 641 2056 ἐσται,
670 1974 810 2056 διαιρῶν
832 1973 893 2037 τὸν
916 1973 1160 2059 αὐτὸντρόπον

152 2079 199 2152 είς
230 2080 309 2152 τοὺς
340 2075 458 2142 ἑκατὸν
492 2077 779 2164 ἐνενηκοντατρεῖς
811 2081 945 2164 λόχους,
978 2081 1016 2145 τὸ
1047 2079 1085 2144 ἐκ
1110 2087 1161 2162 τής

150 2187 313 2268 τιμήσεως
332 2183 511 2268 ἐπιβάλλον
531 2184 654 2272 ἑκάστω
674 2186 840 2269 διάφορον
855 2187 1002 2263 ἅπαντας
1017 2184 1161 2252 ἐκέλευεν

28 2293 31 2300 ’
116 2289 328 2378 2είσφέρειν.
366 2290 564 2374 συνέβαινεν
593 2286 656 2355 οὖν
678 2301 749 2366 τοῖς
771 2293 828 2367 τδις
852 2295 1008 2375 μεγίστας
1031 2295 1163 2377 ἔχουσιν

115 2424 141 2463 ιο
152 2397 267 2473 οὐσίας
299 2397 449 2462 ἐλάττοσι
481 2394 542 2481 μὲν
574 2391 686 2480 οὖσιν,
720 2399 767 2472 είς
798 2401 954 2474 πλείονας
982 2394 1019 2463 δὲ
1047 2402 1164 2484 λόχους

152 2501 423 2590 μεμερισμένοις,
437 2503 680 2588 στρατεύεσθαί
698 2525 734 2568 τε
756 2506 892 2580 πλείους
914 2507 1089 2588 στρατείας
1113 2505 1165 2571 οὐ·

153 2605 269 2671 δέποτε
293 2606 567 2692 ἀναπαυομένους
588 2606 645 2673 καὶ
667 2611 817 2694 χρήματα
839 2611 941 2674 πλείω
964 2621 1033 2675 τῶν
1057 2612 1166 2676 ἄλλων

152 2712 333 2796 εἰσφέρειν·
370 2723 440 2790 τοῖς
473 2710 510 2779 δέ
542 2715 582 2778 τδι
609 2712 724 2800 μέτρια
751 2712 806 2778 καὶ
833 2716 934 2801 μικρά
955 2715 1168 2801 κεκτημένοις

151 2821 302 2884 πλείοσιν
334 2813 432 2884 οὖσιν
459 2819 496 2884 ἐν
524 2819 675 2885 ἐλάττοσι
704 2822 830 2904 λόχοις,
863 2824 1110 2908 στρατεύεσθαί
1135 2820 1163 2886 τ’

113 2947 142 2988 ιι
152 2926 300 3010 ὀλιγάκις
326 2923 381 2990 καὶ
409 2924 445 2990 ἐκ
467 2927 625 3012 διαδοχής
647 2924 702 2990 καὶ
725 2930 881 3011 βραχείας
904 2935 1077 2995 συντελεῖν
1102 2935 1169 2995 εἰσ-

1189 3049 1190 3092 ι

225 3161 257 3208 12
276 3154 307 3208 τὸ
327 3151 358 3210 δὲ
377 3153 430 3208 ΑΒ
455 3157 459 3224 ή
486 3147 592 3228 ἕκάστφ
616 3152 687 3224 λόχω
710 3157 820 3224 πλῆθος
843 3155 896 3211 del.
921 3155 1059 3212 Bficheler
1137 3165 1190 3212 18*

154 3221 298 3280 ἐκέλευσεν
322 3227 344 3282 Ο
392 3221 519 3281 ἐκέλευεν
545 3243 568 3280 c.
591 3209 736 3294 Kiessng
839 3233 873 3280 22
897 3226 1122 3298 ἀναπαυομένας
1146 3229 1190 3282 A*

158 3335 163 3346 ·
187 3317 222 3365 24
242 3315 347 3368 εἴκοσιν
370 3311 449 3370 οὖσιν
473 3310 598 3370 ἐλάττοσι
622 3299 747 3369 ἐλάττοσι
769 3313 902 3384 λόχοιςΒ
938 3319 1064 3373 πλείοσιν
1084 3315 1171 3372 οὖσιν

153 3377 431 3506 ἒλιήτὸτοσιὶλόχοιςΒΑ
466 3388 591 3440 πλείοσιν
611 3383 699 3452 οίισιν,
719 3382 750 3440 ἐν
770 3381 895 3441 ἐλάττοσι
909 3385 940 3442 δὲ
956 3386 1047 3458 λόχοις
1060 3388 1172 3442 Reiske

242 3472 278 3504 κα
309 3469 362 3508 om.
