2400 3912
154 232 217 295 110
580 235 742 280 -Δ-

152 394 345 477 κρύπτουσα
371 393 436 458 ὑπὸ
460 402 500 478 τῃ
524 399 639 477 στολή,
668 392 744 458 οὔτε
767 391 1064 476 προσαγορεύουσα
1084 391 1150 452 κατὰ

41 493 44 507 '
152 500 209 576 τάς
236 502 455 584 συναντήσεις
481 497 605 564 οὐδένα
632 509 700 563 τῶν
727 495 964 581 ἀσπαζομένων
992 491 1061 560 οὔτ’
1087 494 1150 559 ἀπο

152 605 331 692 κρινομένῃ
345 616 415 684 τοῖς
428 611 552 693 μαθεῖν
566 603 793 690 βουλομένοις,
809 605 827 670 ὅ
841 627 873 668 τι
889 601 1071 684 πέπονθεν,
1085 601 1152 665 ἀλλά

153 713 298 788 σύννους
316 710 371 778 καὶ
391 714 542 797 κατηφής
562 710 617 777 καὶ
640 714 780 796 μεστοὺς
803 712 925 795 έχουσα
941 711 1020 786 τοὺς
1040 709 1152 793 ὀφθαλ-

117 806 138 920 25
153 821 236 903 μοὺς
251 820 414 904 δακρύων.
443 819 488 896 ὡς
503 816 533 883 δ’
548 820 595 895 είς
609 819 670 902 τήν
685 819 794 884 οίκίαν
809 819 946 901 είσήλθε
959 825 1021 881 τοῦ
1035 817 1153 899 πατρός·

154 927 272 1009 ἔτυχον
299 920 336 989 δὲ
360 935 532 1008 συγγενεῖς
556 927 649 1001 ὄντες
671 921 759 1002 τινὲς
783 919 861 1009 παρ’
883 924 987 1010 αὐτῷ·
1025 933 1091 988 τῶν
1111 944 1154 1004 γο-

154 1031 264 1095 νάτων
283 1031 387 1096 αὐτοῦ
401 1029 568 1116 λαβομένη
583 1029 638 1096 καὶ
652 1039 877 1117 περιπεσοῦσα
891 1027 972 1106 τέως
986 1025 1049 1113 μέν
1064 1030 1154 1092 ἔκλαιε

155 1135 273 1219 φωνήν
301 1135 462 1220 οὐδεμίαν
488 1135 683 1222 προϊεμένη,
716 1132 817 1201 ἔπειτ’
844 1135 1041 1212 ἀνιστάντος
1068 1133 1154 1216 αὐτὴν

154 1250 215 1307 τοῦ
237 1244 360 1328 πατρὸς
382 1241 438 1307 καὶ
460 1245 495 1306 τί
514 1241 685 1309 πέπονθεν
708 1242 882 1321 ἀξιοῦντος
904 1239 1029 1325 λέγειν·
1062 1236 1155 1316 Ἱκέιις

118 1376 141 1415 ιο
156 1351 220 1432 έφῃ
244 1351 382 1434 γίνομαί
401 1366 464 1414 σου
487 1349 588 1433 πάτερ
613 1351 729 1433 δεινήν
751 1347 808 1414 καὶ
831 1349 1016 1433 ἀνήκεστον
1039 1347 1156 1430 ὑπομεί

155 1473 241 1520 νασα
264 1455 374 1542 ὕβριν,
398 1459 585 1542 τιμωρῆσαί
601 1481 657 1540 μοι
675 1453 731 1521 καὶ
749 1457 794 1541 μή
812 1457 976 1542 περιιδεῖν
994 1456 1060 1538 τήν
1078 1471 1155 1518 σεανι

120 1572 140 1636 3
155 1571 215 1627 τοῦ
237 1560 407 1647 θυγατέρα
426 1563 580 1628 θανάτου
598 1565 732 1648 χείρονα
750 1569 938 1629 παθοῦσαν.
974 1561 1186 1645 Θαυμάσαν-ιοι

155 1690 212 1744 τος
236 1666 266 1734 δ’
288 1669 392 1734 αὐτοῦ
415 1668 470 1735 καὶ
492 1680 560 1735 τῶν
582 1671 694 1735 ἀλλων
718 1669 873 1734 ἀπάντων
894 1667 950 1734 καὶ
967 1671 1018 1745 τίς
1035 1669 1156 1753 ὕβρικεν

157 1773 261 1857 αὐτήν
288 1773 343 1840 καὶ
370 1777 525 1860 ποδαπὴν
547 1777 649 1862 ὕβριν
673 1775 846 1855 ἀξιοῦντος
869 1773 993 1859 λέγειν·
1032 1771 1157 1856 Ἀκούσῃ

116 1905 142 1945 15
156 1881 214 1956 τὰς
237 1879 329 1964 ἐμάς,
359 1884 438 1967 ἔφη,
467 1885 658 1970 συμφοράς,
683 1879 709 1949 ὦ
733 1884 849 1969 πάτερ,
873 1883 936 1947 ούκ
959 1883 1007 1958 είς
1029 1880 1157 1965 μακράν·

156 1987 289 2071 χάρισαι
317 1987 356 2053 δέ
381 2012 437 2072 μοι
465 1991 589 2074 ταύτην
617 2000 751 2076 πρῶτον
774 1988 953 2074 αἰτουμένῃ
976 1988 1037 2070 τήν
1063 1988 1158 2072 χάριν·

156 2092 297 2159 κάλεσον
325 2095 424 2171 ὅσους
453 2096 595 2161 δύνασαι
617 2100 792 2174 πλείστους
814 2099 935 2180 φίλους
957 2117 993 2160 τε
1015 2093 1073 2159 καὶ
1097 2110 1160 2174 συγ-

157 2211 277 2285 γενεῖς,
309 2202 366 2267 ἵνα
393 2197 470 2288 παρ’
493 2201 574 2287 ἐμοῦ
601 2213 660 2287 τῆς
687 2205 727 2268 τά
754 2204 848 2268 δεινά
876 2201 1054 2282 παθούσης
1077 2199 1160 2263 ἀκού-

158 2324 242 2373 σωσι
268 2307 324 2374 καὶ
352 2310 395 2394 μή
419 2307 496 2395 παρ’
519 2309 649 2395 ἑτέρων.
697 2311 777 2376 ὅταν
801 2308 838 2374 δὲ
862 2311 975 2393 μάθῃς
996 2309 1056 2382 τὰς
1078 2327 1162 2370 κατα-

118 2437 144 2478 εο
158 2417 302 2499 σχούσας
330 2419 466 2503 αίσχράς
492 2415 549 2481 καὶ
572 2418 685 2493 δεινάς
708 2417 868 2499 ἀνάγκας,
896 2415 1081 2497 βούλευσαι
1103 2404 1159 2496 μετ’

159 2519 284 2604 αὐτῶν,
309 2523 423 2588 ὅντινα
445 2526 642 2609 τιμωρήσεις
665 2523 742 2608 έμοί
761 2547 795 2589 τε
819 2520 874 2588 καὶ
897 2528 1025 2607 σεαυτῷ
1049 2521 1163 2604 τρόπον

159 2624 214 2690 καὶ
237 2628 280 2711 μή
304 2633 412 2695 πολὺν
435 2633 523 2696 ποίει
545 2634 670 2716 χρόνον
693 2632 752 2696 τὸν
775 2631 832 2694 διά
855 2628 968 2715 μέσου.

227 2729 361 2800 LXVII.
385 2737 505 2821 Ταγείᾳ
521 2732 557 2800 δὲ
571 2732 626 2799 καὶ
640 2731 955 2818 κατεσπουδασμένῃ
971 2733 1165 2818 παρακλήσει

159 2849 227 2904 τῶν
253 2839 521 2924 ἐπιφανεστάτων
545 2840 679 2927 ἀνδρῶν
702 2843 750 2918 είς
772 2841 833 2923 τήν
858 2841 968 2904 οἰκίαν
991 2838 1166 2902 συνελθόν-

120 2968 145 3008 εε
160 2969 228 3012 των
251 2947 360 3034 ὥσπερ
383 2946 489 3030 ήξίου,
513 2946 601 3031 λέγει
624 2949 707 3030 πρὸς
729 2947 851 3023 αὐτοὺς
875 2947 963 3011 άπαν
985 2945 1023 3009 τὸ
1042 2953 1166 3030 πρᾶγμα

232 3145 247 3192 2
272 3137 473 3209 ἀσπαζομένων
501 3139 523 3191 Β
573 3137 856 3210 προςαγορευομένων
883 3139 908 3192 Α
953 3133 1166 3218 προςαγορευύν-

160 3229 216 3263 των
235 3209 260 3260 R
355 3208 482 3278 9ίκέτῃς
500 3209 576 3263 Assa
663 3216 695 3264 14
713 3210 845 3278 ποταπὴν
868 3225 891 3264 c.
910 3209 1040 3263 Hertlem
1056 3207 1165 3261 Hermes

161 3278 188 3329 X
206 3279 473 3345 4131ἀκούσειΒα
504 3279 611 3350 ἀκούσῃ
630 3281 707 3333 ABb
764 3287 796 3335 15
816 3279 871 3350 ἔφη
891 3278 1074 3350 συμφοράςΑ
1108 3296 1167 3345 συμ

165 3346 255 3414 φορὰς
274 3345 328 3415 έφῃ
347 3350 394 3403 Bb
433 3347 487 3419 ἔφη
506 3366 560 3404 om.
580 3353 625 3403 Ba
662 3358 694 3405 17
713 3353 858 3413 πλείστους
875 3351 983 3406 add.B
1056 3356 1089 3404 19
1109 3367 1168 3402 κατ-

166 3414 384 3549 ἓῗὲἔεήξέέαῦΒ
452 3427 486 3474 20
506 3420 656 3491 βουλεύω.
676 3421 722 3473 Ba
758 3421 892 3493 βουλεύσῃ
912 3421 989 3474 ABb
1028 3419 1169 3493 βούλευσαι
