2400 3912
150 231 197 297 50
580 233 745 281 -Δ-

152 393 308 477 ἀλλήλων
336 388 392 457 καὶ
424 390 621 477 παρατάξεις
652 392 754 468 ἀλλας
787 384 839 455 ἐπ’
867 390 985 466 ἀλλαις
1017 404 1153 453 συνιστα-

152 498 272 586 μένων.
294 497 351 564 -έν
374 497 516 575 άπάσαις
539 493 577 562 δὲ
599 505 671 574 ταῖς
694 497 813 582 μάχαις
840 501 1020 580 κατορθῶν
1045 494 1063 560 ὁ
1089 495 1184 558 Τύλ-ιῶ

153 612 240 690 λιος,
273 605 348 670 ὅσαι
379 605 462 670 κατὰ
493 605 605 681 πόλεις
636 626 672 668 τε
703 599 759 667 καὶ
786 603 870 688 πρὸς
897 602 979 667 ὅλον
1006 603 1045 666 τὸ
1074 603 1156 675 ἔθνος

154 714 243 802 αύτῷ
272 709 495 793 συνέστησαν,
527 707 582 774 καὶ
609 706 719 793 τρισὶν
747 707 1025 793 ἐπιφανεστάτοις
1051 721 1157 789 κοσμη·

123 817 229 897 εθεὶς
251 819 434 904 θριάμβοις
452 819 614 881 τελευτῶν
632 815 801 899 ἠνάγκασε
819 817 899 891 τούς
917 814 981 880 ούκ
999 812 1158 892 ἀξιοῦντας

117 927 317 1011 4άρχεσθαι
340 924 401 988 τὸν
422 924 561 1007 χαλινὸν
580 920 717 999 ἑκόντας
734 925 860 1005 λαβεῖν.
898 923 1037 1008 εἰκοστῷ
1058 914 1090 984 θ’
1110 913 1160 983 οὖν

154 1033 219 1096 ἔτει
237 1034 466 1095 συνελθοῦσαι
484 1029 584 1093 πάλιν
603 1028 640 1093 αί
655 1029 785 1094 δώδεκα
799 1030 913 1105 πόλεις
927 1023 1159 1112 ἐξανηλωμέναι

153 1143 199 1224 τςό
218 1134 350 1224 πολέμφ
369 1135 409 1199 τά
427 1157 462 1200 τε
481 1135 615 1220 σῶματα
633 1133 689 1200 καὶ
702 1135 743 1199 τά
756 1136 907 1220 χρήματα
921 1133 1062 1218 γνώμην
1077 1134 1160 1216 ἔσχον

154 1244 364 1329 παραδοῦναι
381 1236 555 1325 Ῥωμαίοις
576 1242 639 1324 τὴν
661 1241 845 1325 ἡγεμονίαν
864 1234 918 1324 ἐφ’
940 1231 991 1317 οἷς
1010 1241 1160 1324 πρότερον

119 1372 146 1414 10
156 1348 372 1434 ἐψηφίσαντο.
404 1345 460 1412 καὶ
479 1356 631 1432 παρῆσαν
650 1347 715 1412 ἀπὸ
733 1347 843 1431 πάσης
855 1349 984 1423 πόλεως
996 1346 1034 1411 οί
1044 1365 1160 1432 προχει

156 1455 330 1541 ρισθέντες
348 1456 412 1520 σὺν
433 1454 611 1538 ἱκετηρίαις
634 1451 864 1539 ἐπιτρέποντες
882 1454 1014 1540 Τυλλίῳ
1037 1453 1098 1529 τὰς
1116 1452 1161 1515 πό-

155 1567 222 1639 λεις
241 1559 296 1628 καὶ
314 1558 420 1646 μηδὲν
433 1559 616 1644 ἀνήκεστον
631 1563 812 1642 βουλεῦσαι
824 1556 901 1644 περὶ
915 1557 1029 1623 αύιῶν
1043 1556 1162 1636 ἀξιούν-

120 1671 216 1745 5τες.
254 1668 395 1743 Τύλλιος
417 1662 464 1731 δὲ,
477 1675 535 1748 τῆς
558 1661 619 1750 μὲν
637 1665 833 1750 ἀφροσύνης
851 1664 948 1730 ἕνεκα
966 1662 1023 1730 καὶ
1041 1674 1110 1730 τῶν
1126 1664 1164 1738 είς

155 1775 235 1849 τοὺς
266 1775 370 1849 θεοὺς
401 1771 632 1855 ἀσεβημάτων,
670 1771 729 1848 οὓς
761 1771 923 1855 ἐγγυητάς
954 1771 1163 1856 ποιησάμενοι

122 1903 148 1945 15
158 1888 224 1943 τῶν
262 1877 450 1962 ὁμολογιῶν
485 1876 677 1963 παρέβησαν
714 1879 755 1942 τά
786 1880 1001 1962 συγκείμενα,
1040 1882 1165 1942 πολλῶν

157 1985 280 2059 αὐτούς
307 1985 371 2068 ἐφη
399 1975 567 2068 τιμωριῶν
591 1981 704 2061 ἀξίους
727 1978 891 2050 εἶναικαὶ
914 1983 1082 2068 μεγάλων·
1118 1991 1165 2064 τῆς

158 2086 195 2155 δέ
213 2085 383 2175 Ῥωμαίων
411 2088 585 2165 ἐπιεικείας
612 2088 668 2154 καὶ
696 2092 922 2175 μετριότητος,
950 2089 1068 2174 ἐπειδὴ
1096 2107 1165 2172 συγ-

157 2199 294 2280 γνόντες
322 2196 450 2262 ἀδικεῖν
478 2193 640 2278 στέμμασι
669 2192 724 2260 καὶ
751 2199 932 2273 λιτανείαις
958 2205 1176 2282 παρητοῦντοῑ

121 2305 219 2387 6τὴν
251 2303 370 2387 ὀργήν,
404 2297 506 2367 οὐδέν
538 2299 575 2365 ἐν
605 2309 651 2388 τῷ
679 2303 820 2386 παρόντι
847 2301 1035 2386 ἀτυχήσειν.
1082 2298 1165 2368 ταῦτ’

123 2411 262 2475 ιοείπὼν
284 2409 481 2474 καταλύεται
503 2408 563 2471 τὸν
586 2408 670 2491 πρὸς
692 2406 814 2483 αὐτοὺς
836 2409 996 2492 πόλεμον,
1019 2421 1094 2487 ταῖς
1114 2407 1168 2494 μὲν

158 2517 272 2590 ἀλλαις
294 2517 432 2578 πόλεσιν
455 2512 565 2590 ἁπλῶς
587 2511 643 2577 καὶ
666 2515 742 2597 όίχα
765 2513 867 2598 ὀργῆς
889 2516 1100 2598 μνησικάκου
1116 2539 1169 2581 πο-

157 2619 352 2684 λιτεύεσθαί
375 2614 407 2683 τ’
437 2619 584 2695 ἀποδοὺς
606 2619 651 2695 ῶς
673 2621 837 2705 πρότερον
859 2617 915 2684 καὶ
938 2622 978 2685 τά
1003 2623 1076 2687 ίθια
1098 2646 1170 2706 καρ-

157 2731 322 2807 πούσθαι,
355 2724 534 2808 μενούσαις
566 2723 603 2790 ἐν
634 2735 706 2801 ταῖς
735 2727 933 2811 γραφείσαις
959 2730 1046 2813 πρὸς
1075 2729 1171 2803 αὐτάς

158 2833 345 2914 συνθήκαις
371 2830 436 2896 ὑπὸ
464 2828 625 2913 βασιλέως
652 2834 855 2917 Ταρκυνίου·
892 2843 981 2917 τρεῖς
1004 2831 1036 2898 θ’
1061 2833 1094 2913 ἐξ
1117 2834 1171 2898 αύ-

122 2949 226 3006 ιοτῶν
249 2940 371 3020 πόλεις,
396 2939 433 3000 αθ
451 2935 739 3021 προεξανέστησάν
760 2960 795 3002 τε
818 2936 874 3003 καὶ
896 2941 954 3015 τάς
976 2941 1082 3019 άλλας
1100 2940 1172 3022 ἐπη-

230 3139 246 3186 3
266 3131 331 3186 όλον
350 3129 425 3203 αύτῷ
443 3128 475 3184 τὸ
493 3129 516 3182 Β
601 3134 617 3182 ὅ
636 3131 702 3199 post
724 3131 874 3196 ἀξιοῦντας
893 3131 990 3199 posuit
1008 3127 1128 3196 ἑκόντας
1146 3134 1176 3186 et

157 3223 183 3258 v.
203 3209 219 3258 6
239 3203 360 3265 ἄκοντας
377 3201 473 3274 λαβεῖν
492 3217 516 3255 c.
534 3199 664 3254 Hertlein
681 3199 725 3254 Pr.
744 3200 903 3255 Wertheim
923 3208 991 3257 1873
1010 3222 1039 3273 p.
1060 3212 1077 3260 9
1140 3208 1174 3255 11

157 3272 409 3346 <ί>κετηρίοιςΒο
426 3283 430 3338 ι
449 3272 559 3344 Τωλλίφ
577 3271 624 3326 Ba
658 3270 804 3345 Τ<ν>λλίφ
816 3271 863 3325 Bb
920 3279 953 3326 14
966 3275 1033 3336 τούς
1049 3273 1173 3342 ωᾱόβζ

159 3343 342 3413 ἀσεβημάτων
365 3342 388 3395 Β
425 3344 515 3411 ἀτεθη
538 3341 612 3396 άτων
634 3343 660 3394 R
747 3349 779 3396 18
804 3341 956 3413 στέμμασιν
980 3341 1132 3416 ἱκετηρίαις
1149 3359 1175 3395 e.

160 3411 319 3479 Stephanus
385 3419 418 3465 19
433 3363 543 3467 οὐθ’ἐιν
565 3418 602 3483 τῷ
625 3411 729 3466 Reiske
783 3420 816 3467 21
837 3412 949 3476 ἀπόνως
966 3416 992 3468 Α
1029 3415 1133 3477 ἁπλῶς
1150 3413 1178 3465 Β

197 3487 231 3534 25
248 3476 421 3550 ἐπηγάγοντο
435 3481 488 3534 AB
520 3481 696 3550 ὑπηγάγοντο
710 3484 736 3535 R
754 3484 829 3550 quod
843 3484 898 3539 def.
913 3483 1004 3540 Cobet
1018 3485 1087 3540 Obs.
1102 3504 1129 3555 p.
1139 3490 1179 3538 82
