2394 3912
164 188 229 253 316
594 189 754 242 -ς-

164 367 258 416 σαιτο
287 350 342 416 καὶ
370 351 535 438 παράσχοι
562 361 632 427 τοῖς
655 349 792 435 ἐχθροῖς
815 349 891 434 δίχα
915 351 1025 414 πόνου
1050 349 1089 412 τὸ
1108 348 1169 432 κρά-

164 477 233 534 τος·
276 457 309 541 ὅ,
343 460 388 543 μά
420 459 480 523 τὸν
512 460 581 522 Δία
612 455 668 522 καὶ
700 459 779 533 τοὺς
810 457 933 532 ἀλλους
965 455 1088 537 θεούς,
1123 455 1169 519 οὐκ

164 567 212 642 είς
235 566 365 652 μακράν
389 571 501 650 οίομαι
523 572 660 630 τοιαῦτα
683 561 950 647 πολιτευομένων
972 562 1072 646 ὑμῶν
1090 565 1169 645 γενη-

165 677 295 738 σεσθαι.

144 815 156 856 ι
232 795 385 860 XXXVI.
409 797 629 883 Διφιιίσμεθα
652 795 715 879 γάρ
735 795 781 872 ὡς
798 794 895 879 δρᾶτε
913 792 970 860 καὶ
991 795 1057 859 δύο
1074 798 1168 870 πόλεις

166 903 298 987 ἔχομεν,
328 902 390 985 τὴν
421 898 482 986 μὲν
514 904 620 986 [μίαν]
652 901 717 966 ὑπὸ
747 904 863 978 πενίας
890 924 927 966 τε
953 899 1010 966 καὶ
1041 901 1168 985 ἀνάγκης

165 1007 368 1093 ἀρχομένην,
396 1009 458 1092 τὴν
487 1004 517 1072 δ’
544 1007 610 1073 ὑπὸ
639 1009 743 1093 κόρου
766 1005 822 1073 καὶ
844 1008 988 1093 ὕβρεως.
1022 1010 1121 1086 αίδὼς
1141 1005 1167 1072 δὲ

166 1112 221 1180 καὶ
243 1118 366 1200 κόσμος
389 1113 444 1180 καὶ
464 1117 550 1199 δίκη,
574 1113 633 1198 ὑφ’
657 1110 705 1180 ὧν
723 1116 833 1180 ἀπασα
851 1116 1004 1199 πολιτικὴ
1025 1118 1166 1180 κοινωνία

166 1222 314 1306 σώζεται,
337 1219 416 1306 παρ’
438 1222 598 1310 οὐδετέρᾳ
622 1220 713 1306 μένει
736 1232 804 1286 τῶν
826 1224 968 1287 πόλεων.
1015 1223 1165 1306 τοιγάρτοι

92 1311 99 1322 ’
132 1345 157 1385 1⁰
167 1327 252 1416 χειρὶ
280 1331 317 1394 τὸ
346 1331 478 1395 δίκαιον
505 1330 569 1413 ἤδη
597 1326 675 1413 παρ’
699 1328 853 1412 ἀλλήλων
879 1329 1096 1413 λαμβάνομεν
1117 1327 1185 1392 κάνυ

166 1443 212 1524 τῷ
232 1433 407 1522 βιαιοτέρῳ
426 1437 564 1518 τίθεμεν
581 1435 619 1498 τὸ
639 1435 859 1516 δικαιότατον,
883 1435 995 1521 ὥσπερ
1014 1437 1056 1500 τά
1069 1439 1164 1520 θηρία,

166 1543 204 1606 τὸ
228 1542 411 1607 ἀντίπαλον
434 1540 582 1619 ἐξολέσαι
605 1541 686 1624 μετὰ
707 1549 770 1605 τοῦ
793 1539 958 1625 σφετέρου
981 1551 1087 1607 κακοῦ
1103 1546 1164 1626 βον-

168 1647 339 1732 ληθέντες,
361 1647 382 1732 ἢ
405 1649 442 1712 τὸ
467 1646 597 1724 ἑαυτοῖς
615 1643 763 1731 ἀσφαλὲς
781 1648 1007 1729 φυλάττοντες
1025 1651 1104 1732 μετά
1118 1657 1164 1713 τοῦ

134 1756 337 1839 2διαφόρου
359 1763 456 1839 κοινῇ
480 1761 658 1820 σεσῶσθαι.
696 1748 744 1819 ὧν
768 1753 832 1837 ἐγὼ
852 1754 938 1839 ὑμᾶς
958 1754 1039 1834 ἀξιῶ
1057 1757 1164 1838 πολλὴν
1185 1801 1186 1820 ;

133 1880 158 1922 ιτ
167 1863 331 1945 πρόνοιαν
348 1864 556 1945 ποιήσασθαι
574 1861 702 1945 βουλὴν
720 1856 803 1944 ὑπὲρ
824 1860 934 1927 αὐτῶν
952 1863 1082 1928 τούτων
1096 1869 1164 1927 καθ-

169 1971 314 2051 ίσαντες,
338 1967 473 2033 ἐπειδάν
496 1967 683 2050 ἀπολύσητε
700 1968 759 2043 τὰς
776 1971 961 2051 πρεσβείας.
1009 1967 1030 2032 ἀ
1053 1966 1088 2034 δδ
1107 1981 1164 2044 ταῖς

167 2077 358 2159 πρεσβείαις
376 2075 624 2158 ἀποκρίνασθαι
642 2073 679 2138 έν
697 2081 742 2161 τῷ
761 2077 903 2158 παρόντι
916 2088 1091 2159 παραινεῖν
1104 2080 1161 2160 ε’χυ,

167 2179 259 2246 ταῦτ’
283 2181 388 2247 ἐστιν·
422 2181 535 2265 ἐπειδὴ
561 2180 770 2246 Οὐολοῦσκοι
794 2177 855 2264 μὲν
878 2181 1076 2248 ἀπαιτοῦσιν
1096 2183 1184 2297 ημᾶςη

168 2288 189 2353 ἀ
218 2288 333 2366 ὅπλοις
359 2291 581 2373 κρατήσαντες
609 2289 727 2372 ἔχομεν
754 2285 809 2352 καὶ
836 2291 984 2373 πόλεμον
1012 2290 1161 2356 ἀπειλοῦσι

134 2396 214 2480 νομὴ
237 2394 462 2480 πειθομένοις,
485 2395 564 2459 τάδε
587 2393 746 2478 λέγωμεν,
771 2394 822 2458 ὅτι
835 2389 991 2478 Ῥωμαῖοι
1009 2399 1160 2470 καλλίστας
1182 2405 1183 2489 η

169 2503 450 2587 ὑπολαμβάνομεν
477 2501 607 2583 κτήσεις
634 2493 722 2564 εἶναι
748 2497 804 2564 καὶ
828 2500 1052 2584 δικαιοτάτας,
1079 2501 1113 2578 ἃς
1129 2499 1160 2564 ἀν

168 2609 382 2693 κατάσχωμεν
405 2606 551 2691 πολέμου
570 2608 729 2689 λαβόντες
747 2607 829 2671 κατά
846 2609 965 2691 νόμον,
987 2607 1042 2673 καὶ
1062 2608 1115 2674 οὐκ
1129 2606 1158 2670 ἂν
1181 2607 1182 2683 η

169 2717 409 2799 ὑπομείναιμεν
432 2716 540 2800 μωρίηι
558 2713 620 2796 τὴν
639 2712 760 2796 ἀρετὴν
779 2712 956 2797 ἀφανίσαι·
978 2717 1158 2799 παραδόντες
1180 2803 1181 2806 ¹

1180 2815 1181 2875 λ

240 2968 256 3017 6
276 2962 364 3032 *μίαν
383 2959 462 3014 uncis
481 2956 584 3012 inclusi
646 2963 661 3012 ‘1
681 2957 853 3038 ἀρχομένην]
872 2957 1017 3029 ἀγομένην
1034 2959 1078 3015 vel
1093 2977 1156 3029 φερε
1179 2983 1180 3068 η

169 3033 259 3105 μένην
278 3050 301 3088 ο.
321 3030 393 3086 Smit
413 3030 476 3085 obs.
496 3048 523 3099 p.
539 3035 572 3084 25
629 3028 820 3098 8ἡπάοαο
858 3029 956 3086 ἅπασα
973 3031 1109 3100 Kiessling
1145 3035 1155 3080 Β

167 3104 277 3159 πόλεων
299 3119 397 3157 vocem
420 3106 449 3155 et
472 3117 544 3168 quae
568 3101 723 3167 sequuntur
744 3099 821 3169 prior
841 3117 942 3156 manus
962 3102 1076 3172 scripsit
1134 3106 1153 3151 11
1178 3143 1179 3150 ,

169 3172 347 3241 δικαιότερον
366 3190 388 3226 ο.
408 3171 553 3239 Kiessling
644 3177 676 3224 13
696 3166 727 3225 έν
746 3172 842 3235 αὐτοῖς
860 3172 913 3225 AB
951 3167 1061 3236 ἑαυτοῖς
1077 3171 1153 3226 Reiske

169 3250 204 3296 20
223 3242 338 3310 λέγομεν
361 3242 414 3293 AB
505 3247 537 3294 21
563 3237 637 3294 εἶναι
660 3257 714 3296 om.
733 3241 781 3366 Βχ
802 3241 835 3304 ἃς
854 3241 890 3296 ἀν
909 3242 960 3298 ΑΟ
998 3243 1104 3300 διδνΒ
1132 3240 1153 3300 ἃς

170 3311 223 3364 DE
313 3317 347 3364 22
366 3310 497 3382 *πολέμῳ
521 3308 653 3378 λαβόντες
676 3311 725 3364 καὶ
748 3313 867 3385 νμηοΟ
908 3312 1032 3384 πολέμου
1050 3311 1153 3385 λαβόντες

171 3377 246 3448 νόμῳ
261 3379 356 3432 dalem
370 3380 419 3433 καὶ
432 3397 500 3434 voce
515 3379 605 3433 Cobet
619 3380 683 3435 Obs.
699 3401 725 3450 p.
743 3389 793 3437 116
825 3382 949 3454 πολέμου
964 3385 1091 3458 λαβόντες
1102 3381 1153 3438 κατὰ

171 3443 259 3511 νόμον
279 3463 331 3512 ego
348 3449 353 3515 Ι
369 3449 441 3501 αὐτὰ
461 3449 483 3502 0
521 3449 555 3510 ἃς
573 3449 633 3503 sine
653 3449 689 3505 δν
709 3454 738 3505 ελ
755 3453 809 3506 hoc
827 3453 889 3508 loco
927 3456 1016 3518 αίτάς
1033 3455 1124 3510 Βοίελτε

1055 3729 1064 3750 ‚
1170 3659 1176 3822 1
