2400 3912
102 181 201 262 ὀν
485 195 749 250 ,-Δ-

157 355 212 424 καί
234 359 381 435 πολλοὺς
398 358 641 442 καταβαλόντες
658 355 764 433 ἀδεῶς
780 355 842 438 την
860 354 973 440 χώραν
991 351 1160 439 ἐπόρδουνμ

156 464 315 541 πολλάκις
346 460 378 528 δ’
414 463 450 528 οί
467 458 624 547 Ῥωμαῖοι
650 463 730 540 τοὺς
752 464 899 546 Γαβίους
926 459 1090 544 ὠσάμενοι
1111 458 1151 524 καλ

157 571 430 647 κατακλείσαντες
461 571 509 646 είς
540 571 602 654 τὴν
633 571 733 635 πόλιν
765 567 963 654 ἀνδράποδα
994 563 1050 632 καὶ
1080 570 1152 631 λείαν

157 678 269 743 αὐτῶν
291 677 420 760 πολλὴν
443 677 582 759 ἀπῆγον.

131 803 143 842 ⁵
224 783 327 850 LIIII.
351 787 510 869 Σννεχῶς
534 779 571 848 δέ
593 782 723 847 τούτων
743 779 931 866 γινομένων
949 780 1153 862 ἠναγκάζοντο

157 891 341 976 ἀμφότεροι
363 897 422 972 τῆς
439 889 549 974 χώρας
567 888 629 953 ὅσα
648 883 690 972 ἦν
709 887 837 974 ἐρυμνὰ
856 889 1053 973 τειχίζοντες
1071 907 1155 970 φρου-

157 997 221 1081 ράν
253 994 291 1060 ἐν
323 995 437 1072 αὐτοῖς
467 995 668 1061 καθιστάναι
697 1002 891 1079 καταφυγῆς
920 1003 989 1059 τῶν
1016 1001 1156 1077 γεωργῶν

158 1099 268 1166 ἕνεκα·
302 1101 385 1166 ὅθεν
408 1100 597 1186 ὁρμώμενοι
614 1102 655 1166 τά
673 1124 709 1166 τε
726 1102 899 1187 ληστηρια,
922 1098 978 1165 καλ
998 1105 1032 1165 εί
1048 1122 1081 1163 τι
1097 1097 1156 1162 ἀτο-

158 1203 311 1273 σπασθδν
335 1208 442 1274 ίδοιεν
464 1206 565 1293 μέρος
587 1208 703 1291 ὀλίγον
726 1207 791 1273 ἀπὸ
811 1211 938 1273 πολλοῦ
958 1214 1103 1292 στρατοῦ
1118 1202 1157 1268 καὶ

118 1332 145 1372 10
159 1305 213 1380 οἷα
235 1315 323 1391 είκδς
345 1313 383 1379 ἐν
405 1325 591 1400 προνομαῖς
609 1313 818 1380 ἀσύντακτον
837 1315 893 1379 διά
911 1314 1157 1398 καταφρόνησιν,

157 1423 325 1496 κατιόντες
349 1420 471 1506 ἀθρόοι
495 1418 708 1505 διέφθειρον·
734 1417 879 1486 καὶτῶν
901 1421 1034 1485 πόλεων
1056 1418 1114 1483 ὅσα
1129 1412 1159 1498 ην

157 1525 299 1612 ἐπίμαχα
325 1523 381 1591 καὶ
407 1522 508 1613 ῥᾴδια
535 1530 710 1611 ληφθῆναι
739 1527 796 1592 διὰ
817 1527 987 1611 κλιμάκων
1010 1523 1160 1603 ἐξοικοδο

157 1643 233 1717 μεῖν
261 1654 297 1697 τε
323 1629 379 1697 καὶ
407 1631 654 1718 ἀποταφρεύειν
682 1634 870 1711 δεδοικότες
896 1633 955 1709 τὰς
982 1632 1161 1716 αἰφνιδίους

122 1738 311 1821 2άλλήλων
334 1737 488 1823 ἐφόδους.
525 1743 653 1824 μᾶλλον
677 1735 707 1804 δ’
731 1738 749 1804 ὁ
773 1740 959 1825 Ταρκύνιος
980 1737 1062 1824 περὶ
1076 1731 1159 1802 ,ταῦτ’

108 1863 143 1904 -ιε
158 1842 292 1928 ἐυεργὸς
314 1839 357 1927 ἦν
379 1843 435 1909 καλ
457 1854 516 1929 τῆς
537 1848 665 1923 πόλεως
686 1847 728 1911 τά
750 1848 832 1932 πρὸς
854 1849 933 1923 τοὺς
951 1848 1102 1929 Γαβίους
1118 1841 1162 1927 φέ-
1195 1839 1196 1892 ἶ

159 1972 261 2034 ροντα
285 1958 346 2016 τοῦ
369 1954 551 2036 περιβόλου
575 1953 632 2017 διὰ
653 1955 867 2038 πολυχειρίας
889 1952 1101 2038 ἐξωχυροῦτο
1122 1949 1163 2013 τά·

157 2080 247 2142 φρον
275 2055 478 2143 ὀρυξάμενος
506 2057 688 2145 εὐρυτέραν
716 2057 771 2124 καὶ
798 2070 906 2144 τεῖχος
932 2060 1066 2145 ἐγείρας
1094 2057 1197 2137 ὑύη-ῖῖλ

78 2181 81 2188 “
157 2164 295 2250 λότερον
318 2161 373 2229 καί
391 2164 533 2249 πύργοις
552 2165 721 2248 διαλαβὼν
740 2167 777 2230 τὸ
796 2168 921 2251 χωρίον
942 2163 1165 2250 πυκνοτέροις

156 2271 239 2335 κατὰ
273 2279 373 2336 τοῦτο
409 2271 473 2355 γάρ
511 2270 620 2336 ἐδόκει
652 2274 793 2355 μάλιστα
824 2273 861 2336 τὸ
894 2270 995 2358 μέρος
1026 2271 1049 2355 ἡ
1084 2272 1167 2344 πόλις

117 2395 144 2436 νο
158 2375 331 2462 ἀνώχυρος
354 2371 456 2459 εἶναι,
479 2377 587 2442 πάντα
610 2378 670 2442 τὸν
693 2379 797 2444 ἀλλον
818 2381 999 2463 περίβολον
1023 2377 1167 2462 ἀσφαλὴς

74 2565 77 2571 Ι
121 2481 307 2558 3ἐπιεικῶς
334 2477 418 2546 οὖσα
446 2479 501 2548 καί
529 2484 760 2569 δυσπρόσιτος.
797 2485 911 2568 ἔμελλε
937 2479 983 2566 δ’,
1013 2484 1169 2558 ὃπάσαις

158 2591 252 2671 φιλεῖ
277 2589 474 2670 συμβαίνειν
500 2598 572 2665 ταῖς
599 2591 737 2654 πόλεσιν
763 2587 801 2654 ἐν
823 2600 893 2666 τοῖς
915 2599 1058 2675 μακροῖς
1081 2587 1168 2654 πολί-

156 2715 232 2776 μοις
259 2690 448 2778 δῃουμένης
475 2694 532 2758 διά
558 2695 617 2771 τάς
644 2703 795 2780 συνεχεῖς
821 2705 888 2760 τῶν
914 2699 1090 2779 πολεμίων
1113 2697 1172 2760 εί-

157 2799 259 2882 βολάς
284 2807 343 2882 τῆς
368 2807 429 2882 γῆς
455 2796 510 2864 καὶ
538 2800 652 2884 μηκέτι
679 2804 759 2878 τοὺς
785 2803 934 2887 καρποὺς
957 2801 1172 2888 ἐκφερούσης,

229 3033 242 3080 1
263 3024 486 3098 καταβάλλοντες
503 3026 526 3078 Β
543 3029 547 3094 1
563 3025 644 3097 μέχρι
661 3035 716 3083 τῶν
735 3035 834 3098 τειχῶν
852 3028 876 3081 Β
908 3025 990 3098 μέχρι
1008 3033 1175 3084 τῶνπυλῶν

155 3100 182 3154 R
203 3097 349 3167 Kiessling
366 3099 433 3167 posss
451 3097 556 3167 χώραν,
575 3097 663 3152 Cobet
682 3099 747 3153 obs.
766 3117 795 3167 p,
809 3103 843 3152 88
861 3102 928 3168 post
943 3101 1067 3172 Γαβίους
1088 3100 1173 3155 οοΗο-

154 3170 247 3224 canda
266 3185 328 3223 esse
343 3170 439 3222 censet
511 3173 528 3222 4
547 3168 694 3240 ἀπήγαγον
716 3171 738 3224 0
772 3170 882 3239 ἀπῆγον
902 3169 1005 3224 Garrer
1020 3170 1087 3226 obs.
1103 3189 1132 3239 p.
1144 3175 1173 3223 16

191 3248 207 3295 9
226 3240 282 3295 ἀπὸ
306 3244 406 3294 λοιποῦ
425 3247 544 3310 στρατοῦ
564 3258 586 3295 ο.
605 3241 706 3294 Portus
723 3243 727 3309 Ι
743 3237 915 3295 ἀποσπαδὲν
933 3241 959 3294 Α
1032 3248 1064 3296 15
1086 3243 1175 3312 Σαβί-

155 3329 222 3373 νους
239 3310 292 3364 ΑΒ
317 3327 386 3364 corr.
407 3310 567 3379 Stephanus
587 3327 620 3364 ex
638 3311 687 3366 CD
703 3317 707 3375 Ι
724 3309 862 3435 φέροντοχ]
882 3311 1022 3383 βλέποντα
1040 3329 1062 3366 ο.
1085 3311 1176 3366 Cobet

156 3380 264 3448 Obs.p.
280 3385 313 3434 7⁶
362 3388 394 3435 17
414 3382 599 3451 ἀνεγείραςΟ
619 3399 687 3436 corr.
702 3381 826 3436 Reudler
863 3381 931 3438 iroc.
947 3382 1008 3438 erit.
1017 3401 1045 3453 p.
1056 3389 1094 3438 35
1143 3388 1175 3436 20

155 3447 314 3517 *ἀνόχυρος
331 3449 357 3501 A
393 3451 542 3521 ἀνίοχυρος
560 3451 586 3504 R
656 3459 690 3507 23
708 3453 758 3516 τὰς
777 3453 840 3508 add.
859 3452 883 3505 B
