2400 3912
447 222 611 272 -A-
995 219 1039 284 95

43 393 149 465 ποιείν,
177 382 349 466 ἀγων.τδν
372 381 515 464 ἀγγελον
537 386 709 468 προῆλθεν
733 383 780 459 είς
802 383 861 448 τὸν
884 387 1039 469 παρακεί-

43 513 130 574 μενον
154 498 223 565 τοῖς
250 490 431 574 βασιλείοις
458 496 579 572 κήπου·
616 489 735 574 έτυχον
764 483 801 554 δὲ
829 491 979 574 μήκωνες
1002 489 1039 555 ἐν

44 595 119 683 αὐτῷ
144 605 325 678 πεφυκυῖαι
353 598 489 680 πλήρεις
516 595 580 678 ήδη
603 603 665 660 τοῦ
688 603 819 681 καρποῦ
840 593 896 660 καὶ
919 611 1039 679 συγκο-

42 702 125 785 μιδής
158 701 248 786 ὥραν
285 702 434 785 ἔχουσαι·
481 699 612 778 διεξιὼν
649 701 691 784 δή
729 702 785 766 διά
820 702 949 767 τούτων
981 711 1039 786 τῆς

42 808 247 893 ὑπερεχούσης
266 805 317 872 ἀεὶ
335 812 488 892 μήκωνος
506 815 551 895 τῳ
571 809 722 890 σκήπωνι
740 811 848 873 παίων
861 808 924 891 τήν
937 829 1066 889 κεφα-ε

42 914 93 997 λήν
117 913 287 999 ἀπήραττε.
332 923 436 980 ταῦτα
459 915 599 998 ποιήσας
622 913 791 981 ἀπέστειλε
813 916 872 980 τὸν
896 916 1074 999 ἀγγελον3

16 1017 127 1086 λῖούδὺν
155 1021 419 1107 ἀποκρινάμενος
441 1021 529 1108 <τῷ>
553 1021 711 1099 πολλάκις
733 1022 954 1105 ἐπερωτῶντι,
976 1021 1039 1104 τήν

40 1129 266 1212 Θρασυβούλου
289 1136 350 1195 τοῦ
368 1131 543 1212 Μιλησίου
566 1129 721 1194 διάνοιαν
745 1129 789 1206 δις
813 1132 924 1214 ἔμοιγε
948 1128 1042 1193 δοκεῖ

39 1236 262 1320 μιμησάμενος·
305 1231 362 1300 καὶ
394 1236 457 1320 γὰρ
490 1233 617 1312 ἐκεῖνος
653 1235 849 1323 Περιάνδρῳ
882 1232 961 1301 ποτὲ
992 1242 1038 1322 τῷ

38 1344 221 1425 Κορινθίων
239 1342 395 1429 τυράννῳ
413 1339 661 1428 πυνθανομένῳ
682 1341 738 1406 διά
751 1350 812 1408 τοῦ
826 1339 1039 1425 πεμφθέντος
1053 1362 1080 1401 10

39 1445 178 1532 ἀγγέλου,
212 1458 282 1524 πῶς
310 1446 352 1513 ἀν
380 1445 618 1533 ἐγκρατέστατα
646 1448 707 1531 τήν
735 1447 840 1533 ἀρχήν
870 1446 1038 1530 κατάσχοι,

38 1555 125 1636 λόγον
159 1551 223 1640 μὲν
260 1551 383 1620 οὐδένα
421 1552 629 1637 ἀπέστειλεν,
667 1553 869 1619 ἀκολουθεῖν
906 1550 943 1618 δὲ
979 1553 1038 1618 τὸν

38 1659 145 1741 ήκοντα
171 1656 252 1747 παρ’
278 1661 383 1726 αὑτοῦ
410 1661 582 1743 κελεύσας,
615 1654 675 1743 ήγε
704 1655 748 1724 δι’
775 1660 921 1745 ἀρούρας
951 1676 1038 1724 σιτο-

38 1769 150 1852 σπόρου
167 1766 225 1833 καί
242 1770 322 1844 τοὺς
339 1765 563 1853 ὑπερέχοντας
580 1777 647 1831 τῶν
666 1768 819 1852 σταχύων
833 1766 1039 1849 ἀποθραύων

37 1870 167 1958 ἐρρίπτει
201 1873 302 1958 χαμαὶ
333 1875 516 1957 διδάσκων,
551 1872 601 1938 ὅτι
634 1874 688 1937 δεῖ
718 1883 785 1937 τῶν
820 1871 930 1937 ἀστῶν
961 1873 1039 1948 τοὺς
1054 1892 1080 1933 1⁵

38 1979 270 2064 δοκιμωτάτους
296 1980 451 2045 κολούειν
474 2004 508 2045 τε
532 1977 587 2044 καί
612 1979 834 2064 διαφθείρειν.
875 1979 913 2042 τὸ
936 1983 1075 2062 παρα-4

35 2088 164 2169 πλήσιον
190 2088 231 2170 δή
255 2085 311 2152 καὶ
329 2096 390 2152 τοῦ
408 2089 598 2173 Ταρκυνίου
616 2088 690 2151 τότε
708 2087 910 2168 ποιήσαντος
928 2081 1041 2160 συνεὶς

36 2192 86 2274 τὴν
112 2195 268 2259 διάνοιαν
294 2202 357 2258 τοῦ
379 2195 502 2278 πατρὸς
530 2193 548 2259 ὁ
572 2191 710 2275 Σέξτος,
740 2193 791 2257 ὅτι
813 2192 939 2257 κελεύει
961 2192 1040 2265 τοὺς

35 2298 245 2386 ὑπερέχοντας
275 2311 343 2366 τῶν
372 2303 506 2384 Γαβίων
536 2299 702 2386 ἀναιρεῖν,
740 2299 961 2364 συνεκάλεσεν
994 2297 1040 2372 είς

36 2402 200 2490 ἐκκλησίαν
232 2409 270 2473 τὸ
302 2413 432 2491 πλῆθος
464 2405 519 2472 καὶ
550 2409 659 2472 πολύν
688 2402 772 2492 ὑπὲρ
805 2404 908 2470 αὑτοῦ
937 2405 1039 2485 λόγον
1053 2423 1080 2462 κο

34 2511 238 2600 διαθέμενος,
263 2514 314 2580 ὅτι
336 2514 591 2597 καταπεφευγὼς
614 2515 661 2590 είς
682 2513 744 2596 τήν
768 2511 904 2577 ἐκείνων
927 2513 1039 2575 πίστιν

34 2617 90 2701 ἀμα
105 2631 193 2703 ,τοῖς
223 2619 366 2705 ἑταίροις
393 2621 583 2685 κινδυνεύει
611 2615 818 2702 συλληφθεὶς
844 2616 910 2682 ὑπό
937 2639 1040 2682 τινων

34 2733 71 2811 τῷ
92 2725 193 2814 πατρὶ
216 2728 463 2813 παραδοθῆναι,
488 2727 550 2810 τήν
572 2721 604 2789 τ’
626 2724 732 2810 ἀρχήν
751 2722 881 2808 ἕτοιμος
899 2719 942 2807 ήν
961 2723 1040 2788 ἀπο-

14 2830 163 2917 ίιθέσθαι,
187 2831 243 2899 καὶ
265 2831 345 2918 πρὶν
368 2832 389 2916 ή
412 2840 537 2898 παθεῖν
559 2854 591 2896 τι
615 2832 728 2897 δεινὸν
752 2831 905 2917 ἀπαίρειν
929 2831 965 2896 έκ
983 2839 1041 2914 τής

95 3069 110 3116 2
129 3064 318 3134 προκείμενον
337 3061 389 3114 ΑΒ
426 3062 627 3132 προςκείμενον
647 3078 669 3115 ο.
688 3058 793 3114 Reiske
829 3059 1039 3128 παρακείμενον

35 3129 149 3188 ὑίιιὺεωίε
169 3134 231 3188 Em.
250 3133 332 3187 Dion.
347 3133 374 3185 Π
390 3137 423 3186 14
483 3129 676 3186 θάπέλνσεΒ
708 3130 852 3186 ἀπέστειλε
866 3131 892 3182 R
947 3132 1039 3201 7*τῷ

33 3201 123 3257 addidi
214 3199 354 3275 8έμοὺΒ
446 3209 478 3258 10
496 3201 706 3276 πυνθανομένῳ
730 3202 794 3256 add.
813 3201 837 3254 B
853 3204 858 3269 Ι
874 3199 923 3254 διά
940 3208 1041 3254 πιστοῦ

32 3274 207 3344 πεμφθέντος
230 3293 254 3330 c.
278 3275 443 3329 dubitanter
464 3273 610 3344 Kiessling
696 3281 727 3329 12
748 3269 933 3327 ἀπέστειλεΒ
1007 3278 1040 3326 13

34 3345 177 3418 σιτοφόρου
201 3365 224 3402 ο.
248 3346 389 3401 ΒλίοΙιεΙοτ
462 3353 493 3400 16
518 3345 631 3400 κολούιν
654 3347 701 3399 Ba
736 3343 865 3399 κολούειν
883 3342 933 3395 Bb
1006 3348 1041 3397 20

32 3415 95 3488 ὑπὲρ
119 3419 213 3473 αὑτων
231 3419 258 3472 Α
292 3415 364 3487 ὑπὲρ
388 3418 475 3472 αὑτοῦ
494 3417 517 3470 Β
541 3434 610 3472 corr.
630 3416 788 3487 Stephanus
812 3431 845 3468 ex
863 3413 913 3468 01)
934 3415 938 3483 1
960 3408 1041 3485 ἀβού-

32 3490 87 3542 leto
105 3489 161 3546 del.
180 3489 271 3545 Cobet
289 3487 354 3544 Obs.
374 3507 402 3559 p,
421 3493 455 3543 88
