2400 3912
455 231 621 280 -Δ-
1005 227 1049 292 43

59 412 106 454 ταν
126 387 329 475 πριαμένους
352 389 523 477 ἀμφότερα
545 399 648 456 ταῦτα
671 393 760 477 παρὰ
782 402 849 457 τῶν
873 391 1045 456 δεσποτῶν
1146 443 1150 450 .

57 494 176 580 ὑπάρξει.
213 496 398 580 ἐτύγχανον
422 494 459 563 δὲ
480 505 538 583 τῆς
556 497 751 583 ἐλευθερίας
770 496 805 564 οί
820 493 881 582 μὲν
899 502 1085 567 πλείστοι4

56 612 150 686 προῖκα
184 603 240 668 διά
269 603 533 688 καλοκάγαθίαν·
569 602 625 669 καλ
654 605 828 690 κράτιστος
858 604 1048 689 ἀπαλλαγῆς

55 711 203 775 δεσποτῶν
234 712 357 796 τρόπος
390 705 489 788 οὗτος
520 706 576 794 ἦν·
619 711 727 794 ὀλίγοι
761 708 801 776 δέ
829 733 918 787 τινες
944 713 1049 797 λύτρα

54 815 263 893 κατατιθέντες
291 816 323 896 ἐξ
357 817 461 883 ὁσίων
492 814 548 882 καὶ
580 819 719 884 δικαίων
751 817 916 903 ἐργασιῶν
948 835 1081 885 συνα-ι

52 919 162 1006 χθένπα.
210 918 282 988 ἀλλ’
308 923 371 989 ούκ
403 923 441 990 ἐν
472 935 543 1002 τοίς
573 921 652 990 καθ’
679 924 764 1010 ἡμᾶς
795 925 930 1009 χρόνοις
960 923 1047 988 οὕτω
1165 950 1170 958 ·

51 1024 121 1093 ταῦτ’
143 1031 220 1113 ἔχει,
245 1027 316 1095 ἀλλ’
339 1032 386 1108 είς
408 1031 576 1115 τοσαύτην
599 1032 763 1117 σύγχυσιν
787 1031 858 1115 ἥκει
880 1031 921 1095 τά
943 1029 1048 1115 πράγ-

50 1125 114 1218 ματα
141 1135 198 1202 καί
224 1138 265 1202 τά
292 1139 376 1202 καλά
403 1145 461 1222 τῆς
478 1135 649 1223 Ῥωμαίων
671 1142 799 1215 πόλεως
821 1137 927 1213 οὕτως
950 1137 1048 1220 ἄτιμα

49 1241 88 1306 καὶ
116 1242 250 1330 ῥυπαρὰ
276 1243 431 1328 γέγονεν,
463 1243 548 1311 ὥσθ’
572 1247 608 1311 οί
632 1243 694 1330 μὲν
721 1245 785 1310 άπὸ
814 1245 967 1329 λῃστείας
993 1239 1048 1306 καὶ

49 1353 247 1437 τοιχωρυχίας
273 1348 329 1416 καλ
356 1354 514 1438 πορνείας
540 1350 595 1418 καὶ
621 1352 744 1427 παντὸς
767 1331 882 1416 ἄλλου
894 1357 1047 1434 πονηροῦ
1066 1379 1093 1418 ιο

48 1459 136 1541 πόρου
154 1458 437 1544 χρηματισάμενοι
455 1459 584 1524 τούτων
603 1457 770 1524 ὠνοῦνται
788 1468 856 1522 τῶν
870 1456 1047 1542 χρημάτων

20 1563 91 1645 κλίνην
120 1563 317 1649 ἐλευθερίαν
344 1563 399 1630 καὶ
426 1565 532 1642 εύθύς
560 1567 623 1630 είσι
641 1561 809 1649 Ῥωμαῖοι·
847 1564 883 1629 οί
908 1560 945 1628 δὲ
969 1569 1084 1635 συν-5

50 1673 158 1756 ίσιορες
188 1669 245 1736 καί
272 1670 431 1759 συνεργοὶ
458 1681 528 1748 τοῖς
556 1673 732 1748 δεσπόταις
758 1674 933 1756 γενόμενοι
962 1692 1048 1752 φαρ-

49 1787 175 1858 μακειῶν
207 1775 263 1843 καὶ
295 1778 533 1865 ἀνδροφονιῶν
563 1775 619 1842 καλ
651 1788 718 1842 τῶν
751 1778 798 1854 είς
828 1778 932 1853 θεοὺς
959 1773 980 1858 ἢ
1007 1776 1045 1840 τὸ
1099 1845 1103 1850 .

49 1886 147 1949 κοινὸν
178 1885 391 1970 ἀδικημάτων
418 1886 538 1962 ταύτας
564 1883 725 1972 φέρονται
753 1881 829 1969 παρ’
858 1882 969 1948 αὐτῶν
991 1884 1085 1959 τάςιι
1136 1879 1140 1888 ’

49 1990 176 2075 χάριτας·
211 1991 247 2054 οί
268 1986 299 2056 δ’
321 1991 378 2054 ἵνα
399 1991 459 2056 τὸν
483 1992 627 2078 δημοσίᾳ
651 1992 831 2073 διδόμενον
855 2000 949 2055 σίτου
968 1994 1049 2072 λαμ-

49 2097 190 2174 βάνοντες
216 2098 300 2162 κατά
326 2105 415 2181 μῆνα
437 2094 494 2162 καὶ
517 2103 551 2162 εί
568 2120 618 2174 τις
641 2098 723 2180 άλλη
746 2097 836 2181 παρὰ
858 2107 926 2162 τῶν
948 2094 1049 2178 ἡγου-

49 2201 141 2281 μένων
159 2204 309 2286 γίγνοιτο
327 2214 399 2280 τοῖς
415 2203 553 2289 ἀπόροις
566 2213 634 2268 τῶν
647 2209 793 2269 πολιτῶν
808 2204 1048 2288 φιλανθρωπία

49 2307 158 2394 φέρωσι
194 2319 265 2386 τοῖς
303 2310 466 2375 δεδωκόσι
502 2311 565 2394 τὴν
596 2308 809 2394 ἐλευθερίαν·
856 2307 892 2373 οί
921 2304 959 2372 δὲ
991 2309 1047 2372 διά

48 2418 222 2500 κουφότητα
239 2426 307 2481 τῶν
326 2417 498 2486 δεσποτῶν
516 2413 571 2480 καὶ
589 2417 691 2499 κενὴν
707 2414 916 2494 δοξοκοπίαν.
946 2410 1043 2497 ἔγωγ’

48 2516 96 2584 οὖν
126 2522 306 2608 ἐπίσταμαί
328 2546 422 2599 τινας
449 2523 552 2587 ἅπασι
579 2531 649 2600 τοῖς
677 2522 812 2598 δούλοις
840 2536 1049 2606 συγκεχωρη-

47 2629 129 2705 κότας
151 2623 239 2694 εἶναι
261 2627 454 2715 ,ἐλευθέροις
477 2630 557 2712 μετά
579 2630 637 2705 τὰς
658 2627 786 2694 ἑαυτῶν
803 2628 968 2710 τελευτάς,
991 2627 1048 2692 ἰ’να

46 2733 168 2820 χρηστοὶ
195 2740 362 2801 καλῶνται
386 2734 500 2823 νεκροὶ
522 2734 578 2801 καλ
600 2733 719 2801 πολλοὶ
742 2746 813 2813 ταῖς
835 2737 965 2810 κλίναις
989 2733 1048 2800 αύ-

46 2852 99 2906 τῶν
117 2840 384 2928 ἐκκομιζομέναις
399 2847 681 2928 παρακολουθῶσι
694 2844 773 2919 τοὺς
785 2844 904 2918 πίλους
918 2843 1049 2924 ἐχοντες

46 2945 88 3010 ἐπὶ
117 2960 188 3027 ταῖς
219 2954 391 3034 κεφαλαῖς·
428 2948 465 3014 ἐν
498 2940 549 3026 οἷς
580 2949 769 3033 ἐπόμπευόν
795 2971 899 3029 τινες,
932 2947 977 3022 ὡς
1003 2942 1047 3030 ἦν
1066 2969 1092 3011 ει

1062 2387 1082 2451 6

1066 2474 1094 2514 20

47 3140 204 3210 πριαμένους
222 3141 370 3213 ἀμφότεροι
388 3150 478 3197 ταῦτα
495 3141 574 3211 παρὰ
592 3150 648 3197 τῶν
667 3144 810 3197 δεσποτῶν
824 3138 943 3209 ὑπάρξει
959 3135 1046 3202 αύθις

47 3212 288 3284 τῶνκτησαμένων
307 3214 409 3276 αύτούς
428 3212 468 3276 είς
487 3213 619 3267 δουλείαν
638 3213 660 3267 Ο
679 3215 793 3282 praeter
811 3211 864 3264 ΑΒ

107 3285 216 3355 1παρδι
234 3285 341 3340 τούτων
359 3283 385 3336 Α
439 3282 610 3352 θύκάρξειν
624 3283 650 3336 A
700 3280 844 3339 8ούτωΒ
896 3287 928 3335 11
943 3279 1045 3353 κόρου]

48 3351 138 3418 τρόπον
156 3373 179 3411 ο.
198 3355 342 3424 Kiessling
415 3361 447 3411 16
467 3352 497 3410 οἱ
513 3357 594 3409 δεῖνα
612 3354 658 3408 Ba
677 3351 707 3409 οἵ
723 3351 751 3408 δ’
769 3354 860 3408 ίναΒ
884 3355 888 3422 Ι
914 3355 1048 3422 δημοσίοιι

49 3419 67 3471 Β
121 3422 225 3500 θθιέγὼ
244 3426 357 3497 γοῦνΑ
421 3433 455 3481 23
474 3428 592 3496 χρηστοί
606 3445 636 3481 τε
655 3442 678 3479 c.
697 3424 835 3479 Btieheler
902 3431 937 3478 24
954 3443 1049 3494 παρα-

51 3497 203 3552 ιολονθοῦσι
221 3498 247 3552 Α
262 3503 266 3569 Ι
283 3499 348 3560 τούς
365 3499 464 3562 πίλους
481 3497 557 3551 ABb
594 3497 659 3560 πούς
678 3499 791 3559 σπίλους
810 3496 856 3549 Ba
