2394 3912
460 216 619 269 ..ς-

23 377 146 442 ίοιπὸν
180 386 232 466 τῷ
265 379 358 465 δήμῳ
391 377 525 456 ἐξουσία
552 376 687 461 γένηται
716 387 923 444 καταπαῦσαι
950 381 1049 444 τόνδε

2 483 82 548 στὸν
105 486 234 568 νόμον,
258 480 331 550 ἀλλ’
354 486 401 561 είς
424 485 553 550 ἅπαντα
575 486 635 551 τὸν
657 486 782 570 χρόνον
804 484 959 568 ἀκίνητος
977 486 1049 550 δια-

21 591 133 674 μείνη,
159 591 292 667 πάντας
315 590 437 674 ἐτάχθη
456 587 638 676 Ῥωμαίους
661 591 780 675 ὀμόσαι
802 587 882 656 καθ’
906 591 1005 675 ίερῶν
1028 587 1048 675 η

22 695 89 779 μὴν
113 698 310 782 χρήσεσθαι
332 704 378 784 τῷ
402 699 495 784 νόμῳ
518 694 573 762 καὶ
597 697 719 775 αὐτοὺς
737 695 793 762 καί
811 697 973 781 ἐγγόνους
989 699 1049 763 τὸν

23 799 74 866 ἀεί
97 806 244 887 χρόνον,
271 802 335 888 ἀρά
357 825 391 867 τε
414 810 460 890 τῷ
485 802 572 890 ὅρκῳ
595 801 793 887 προσετέθη,
817 813 887 880 τοῖς
910 800 971 887 μὲν
995 801 1072 888 ἐμ-ε

23 910 170 974 πεδοῦσι
181 912 264 987 τοὺς
273 912 377 986 θεοὺς
385 912 465 986 τοὺς
475 909 656 994 οὐρανίους
669 910 765 988 ἵλεως
774 905 860 976 εἶναι
870 909 924 976 καὶ
935 913 1050 995 δαίμο-

23 1038 83 1092 νας
102 1018 191 1093 τοὺς
210 1020 466 1101 καταχθονίους,
484 1027 555 1093 τοῖς
574 1012 611 1082 δέ
629 1019 897 1101 παραβαίνουσιν
916 1017 1050 1083 ἐναντία

24 1117 80 1185 καὶ
111 1123 157 1186 τά
192 1125 283 1207 παρὰ
309 1129 402 1190 θεῶν
429 1126 586 1207 γίνεσθαι
613 1121 668 1188 καὶ
695 1123 736 1188 τὰ
762 1125 851 1209 παρά
880 1126 1050 1209 δαιμόνων

25 1226 69 1303 ὡς
92 1229 173 1311 ἀγει
198 1238 245 1318 τῷ
269 1234 412 1316 μεγίστῳ
437 1229 573 1314 ἐνόχοις.
614 1228 650 1294 ἐκ
671 1231 801 1295 τούτων
824 1229 962 1314 κατέστη
981 1241 1051 1306 τοῖς

25 1327 207 1418 Ῥωμαίοις
235 1338 315 1413 ἔθος
341 1336 382 1400 τδ
408 1345 476 1400 τῶν
504 1334 683 1420 δημάρχων
712 1336 846 1421 σώματα
870 1335 942 1421 ίερά
965 1330 1051 1401 εἶναι
1061 1356 1087 1396 ιο

27 1438 82 1504 καὶ
101 1451 254 1528 παναγῆ,
277 1440 334 1510 καὶ
351 1441 446 1528 μέχρι
464 1449 525 1506 τοῦ
543 1438 621 1506 καθ’
638 1441 723 1526 ἡμᾶς
746 1444 871 1528 χρόνον
894 1440 1050 1526 διαμένει.

95 1546 263 1615 LXXXX.
296 1544 427 1631 Ἐπειδὴ
459 1540 552 1612 ταῦτ’
578 1547 802 1631 ἐψηφίσαντο,
835 1546 948 1630 βωμὸν
976 1570 1051 1612 κατ·

31 1655 223 1720 εσκεύασαν
250 1651 302 1721 ἐπὶ
324 1663 382 1738 τῆς
406 1653 603 1738 ἀκρωρείας,
632 1652 669 1718 ἐν
692 1643 713 1738 ἦ
736 1651 1052 1738 κατεστρατοπέδευ-

32 1773 113 1843 σαν,
148 1761 191 1826 ὃν
224 1759 277 1826 ἐπὶ
308 1769 369 1826 τοῦ
398 1762 621 1844 κατασχόντος
649 1759 771 1837 αὐτοὺς
797 1762 871 1825 τότε
898 1760 1053 1844 δείματος

34 1863 229 1951 ὠνόμασαν,
249 1868 294 1944 ὡς
311 1866 332 1951 ἡ
350 1866 488 1951 πάτριος
505 1865 617 1931 αὐτῶν
637 1870 790 1951 σημαίνει
804 1872 948 1949 γλῶσσα,
968 1868 1053 1944 Διὸς
1063 1888 1088 1929 ιε

34 1976 236 2059 Δειματίου·
269 1963 296 2062 ᾦ
319 1974 444 2048 θυσίας
467 1971 710 2050 ἐπιτελέσαντες
731 1969 787 2038 καὶ
809 1973 869 2037 τὸν
893 1972 1053 2051 ὑποδεξί-

35 2100 140 2160 μενον
171 2079 293 2156 αὐτοὺς
314 2082 419 2144 τόπον
443 2079 535 2163 ίερὸν
559 2073 707 2161 ἀνέντες,
735 2074 900 2163 κατῄεσαν
923 2080 970 2155 είς
992 2081 1054 2161 τὴν

35 2187 136 2250 πόλιν
164 2187 232 2271 ἀμα
254 2196 325 2263 τοῖς
346 2182 535 2270 πρέσβεσιν.
582 2183 763 2261 ἀποδόντες
787 2180 824 2248 δέ
846 2182 901 2249 καὶ
924 2193 994 2260 τοϊς
1018 2183 1089 2248 ἐν2

4 2298 75 2374 ἀυτῇ
104 2294 203 2358 πόλει
229 2296 323 2367 θεοῖς
350 2291 562 2376 χαριστήρια,
588 2288 643 2355 καὶ
671 2293 750 2367 τοὺς
771 2293 965 2375 πατρικίους
985 2293 1055 2356 πεί

38 2412 158 2474 σαντες
195 2398 397 2484 ἐπικυρῶσαι
428 2397 490 2480 τὴν
523 2396 628 2482 ἀρχὴν
659 2405 774 2480 ψῆφον
807 2395 1091 2483 ἐπενέγκαντας,εο

40 2501 154 2590 ἐπειδὴ
178 2502 233 2570 καὶ
255 2505 377 2571 τούτου
399 2500 479 2586 παρ’
503 2503 614 2569 αὐτῶν
637 2506 770 2588 ἔτυχον,
795 2502 983 2588 ἐδεήθησαν
1008 2509 1055 2570 ἐτι

40 2619 97 2693 τῆς
126 2616 251 2696 βουλῆς
278 2607 449 2695 ἐπιτρέψαι
476 2613 594 2695 σφίσιν
621 2611 747 2695 ἀνδρας
773 2609 809 2675 ἐκ
830 2620 899 2675 τῶν
922 2609 1056 2693 δημοτι,

41 2727 111 2782 κῶν
147 2718 210 2784 δύο
242 2712 320 2783 καθ’
351 2715 491 2782 ἕκαστον
523 2715 678 2782 ἐνιαυτὸν
710 2715 947 2780 ἀποδεικνύναι
979 2717 1057 2791 τοὺς

42 2822 313 2908 ὑπηρετήσοντας
339 2833 409 2900 τοῖς
437 2823 618 2908 δημάρχοις
647 2823 737 2888 ὅσων
764 2820 806 2886 ἀν
835 2819 976 2886 δέωνται
1002 2818 1058 2887 καὶ

44 2930 153 3013 δίκας,
183 2930 221 3008 ἀς
244 2930 285 2996 ἀν
309 2929 549 3016 ἐπιτρέψωνται
572 2929 708 3012 ἐκείνοι,
737 2938 935 3014 κρινοῦντας
958 2928 1093 3012 ίερῶνεε

45 3057 79 3100 τε
102 3036 158 3103 καὶ
182 3039 353 3122 δημοσίων
375 3040 487 3103 τόπων
509 3033 564 3101 καὶ
586 3045 645 3120 τῆς
666 3036 750 3101 κατά
772 3036 833 3119 τὴν
856 3034 984 3119 ἀγορὰν
1005 3035 1058 3099 εὐ-

121 3201 135 3249 1
155 3193 350 3336 καταπαῦσαιχ
368 3199 523 3249 καταλῦσαι
541 3192 630 3248 Cobet
649 3192 714 3250 Obs.
733 3210 760 3262 p.
783 3197 830 3252 131
889 3197 904 3245 2
924 3189 1018 3246 πάντα
1037 3191 1059 3246 Ο

49 3261 64 3318 3
84 3269 246 3337 καθιερῶν
265 3266 287 3319 Β
308 3271 312 3333 Ι
835 3261 963 3330 ήσασθαι
980 3261 1032 3316 ΑΒ
1054 3262 1057 3334 1

51 3332 183 3406 ἐγγόνους
200 3337 276 3392 ΑΒο
312 3286 445 3408 ἐκγδάονς
463 3335 509 3390 Bb
567 3343 599 3389 12
620 3332 682 3392 ἐπεὶ
700 3335 777 3404 δὴΒ
815 3284 877 3390 ἐπεὶ
895 3331 927 3389 δέ
946 3334 972 3387 R
1028 3340 1060 3388 15

50 3407 316 3549 {ffiass'gtpffiln
333 3426 388 3464 ras.
410 3417 423 3463 1
443 3408 499 3463 litt.
563 3415 596 3462 25
615 3403 803 3478 ἐπιτρέψωσιν
822 3424 845 3460 ο.
864 3406 971 3475 Kayser
988 3404 1059 3460 Ann.

389 3265 425 3334 ην
443 3264 519 3319 ΑΒε
556 3265 623 3335 ἡμῖν
641 3265 689 3318 Ba
764 3268 817 3333 ιχ
