2400 3912
402 223 618 286 .-υ-

46 375 163 463 ἑτέρους
179 379 427 464 παραλαβόντες
445 384 591 459 πολλοὺς
611 382 783 448 ἐλθόντων
803 383 850 458 είς
867 381 929 465 τῆν
946 383 1046 446 πόλιν

44 494 103 548 τῶν
122 483 184 549 άπὸ
203 484 430 572 στρατοπέδου
450 489 531 572 μετὰ
548 489 607 566 τὰς
625 489 773 565 σπονδὰς
790 488 849 565 τὰς
867 485 1049 572 γενομένας

44 590 144 668 αὐτοῖς
172 592 256 676 πρὸς
280 588 470 679 Ἀρδεάτας,
501 594 629 679 ὀλίγαις
656 595 798 682 ὕστερον
824 592 963 680 ἡμέραις
990 601 1048 678 τῆς

44 697 168 782 ἐκβολῆς
198 706 260 763 τοῦ
287 699 458 785 τυράννου
485 699 748 784 συγκαλέσαντες
775 703 834 766 τὸν
863 701 971 785 δῆμον
1001 701 1049 777 είς

44 803 206 888 ἐκκλησίαν
229 802 285 870 καὶ
307 809 454 884 πολλοὺς
476 804 560 893 ὑπὲρ
584 807 744 893 ὁμονοίας
766 809 887 892 λόγους
909 806 1074 891 ποιησάο

43 933 125 993 μενοι
145 911 302 996 φῆφισμά
325 936 360 977 τε
382 913 483 978 πάλιν
507 913 722 1001 ἐπεκύρωσαν
745 913 876 998 ἕτερον,
899 911 975 999 περὶ
998 907 1047 977 ὧν

42 1017 71 1080 οί
95 1018 175 1082 κατά
207 1020 305 1083 πόλιν
339 1020 433 1096 ὄντες
459 1022 623 1106 πρότερον
650 1020 902 1104 ἐπεψηφίσαντο
931 1019 1047 1104 φυγῆν

45 1126 231 1210 Ταρκυνίοις
249 1123 462 1210 ἐπιβαλόντες
480 1125 606 1192 ἀίδιον·
628 1124 684 1192 καὶ
702 1127 783 1212 μετὰ
801 1135 900 1193 τοῦτο
917 1132 1046 1211 καθαρ-
1061 1127 1081 1192 3

42 1232 111 1312 μοὺς
132 1239 191 1314 τῆς
208 1233 336 1310 πόλεως
353 1232 573 1317 ποιησόμενοι
590 1230 646 1298 καλ
665 1233 761 1317 ὅρκια
778 1235 932 1318 τεμόντες
951 1232 1050 1297 αὐτοί

12 1355 69 1404 ιωτε
92 1347 216 1424 πρῶτοι
244 1338 380 1416 στάντες
408 1336 461 1404 ἐπὶ
488 1349 555 1404 τῶν
583 1342 708 1424 τομίων
732 1340 867 1424 ὤμοσαν
890 1337 945 1405 καὶ
967 1342 1047 1418 τοὺς
1061 1359 1087 1398 10
1180 1383 1182 1390 ·

41 1444 149 1522 άλλους
176 1448 313 1522 πολίτας
336 1448 471 1512 ἔπεισαν
493 1446 629 1531 ὀμόσαι,
658 1448 702 1531 μῆ
725 1445 877 1524 κατάξειν
902 1445 965 1512 ἀπὸ
988 1455 1047 1531 τῆς

41 1559 137 1634 φυγῆς
169 1552 307 1636 βασιλέα
344 1553 533 1638 Ταρκύνιον
566 1555 647 1637 μῆτε
678 1555 758 1629 τοὺς
788 1554 910 1629 παῖδας
941 1552 1046 1618 αὐτοῦ

40 1659 108 1739 μήτε
136 1660 216 1734 τοὺς
247 1657 280 1737 ἐξ
308 1657 446 1724 ἐκείνων
474 1657 735 1743 γενησομένους,
767 1657 904 1742 βασιλέα
930 1682 966 1724 τε
988 1666 1047 1742 τῆς

36 1757 193 1848 Ῥωμαίων
211 1768 339 1842 πόλεως
357 1764 471 1850 μηκέτι
489 1768 708 1849 καταστῆσειν
726 1763 858 1850 μηθένα
877 1761 961 1849 μηδὲ
974 1776 1047 1842 τοῖς

40 1871 231 1937 καθιστάναι
258 1870 478 1956 βουλομένοις
505 1870 703 1956 ἐπιτρέψειν.
749 1881 853 1938 ταῦτα
881 1868 942 1957 μέν
970 1870 1047 1957 περὶ
1062 1889 1087 1929 1⁵

41 1975 156 2045 ἑαυτῶν
183 2002 218 2044 τε
245 1975 301 2044 καὶ
328 1987 397 2044 τῶν
419 1977 545 2046 τέκνων
568 1977 708 2050 καὶτοῦ
730 1975 807 2063 μεθ’
830 1977 971 2056 ἑαυτοὺς
993 1982 1047 2063 γέ-

39 2108 110 2162 νους
129 2086 273 2170 ὤμοσαν.
307 2080 439 2169 Ἐπειδὴ
460 2083 497 2152 δὲ
515 2091 649 2153 πολλῶν
667 2083 723 2152 καὶ
736 2085 890 2170 μεγάλων
905 2085 1081 2170 άγαθῶν4

40 2197 129 2257 αίτιοι
151 2191 327 2277 γεγονέναι
349 2203 419 2270 τοῖς
440 2204 567 2270 κοινοῖς
589 2192 781 2278 πράγμασιν
799 2191 919 2269 έθοξαν
938 2194 974 2258 οί
989 2197 1047 2275 βα-

40 2303 142 2382 σιλεῖς,
165 2299 347 2383 φυλάττειν
368 2299 518 2382 τοῦνομα
538 2308 596 2383 τῆς
615 2297 727 2382 ἀρχῆς,
751 2298 833 2364 ὅσον
852 2297 893 2363 άν
911 2297 932 2381 ῆ
951 2301 1047 2374 πόλις

41 2404 169 2491 όιαμένη
197 2408 337 2491 χρόνον,
366 2406 568 2489 βουλόμενοι
594 2407 674 2481 τοὺς
702 2404 901 2489 ἱεροφάντας
927 2426 963 2470 τε
990 2401 1046 2468 καὶ
1061 2423 1087 2462 2⁰

40 2512 266 2597 οἰωνομάντεις
293 2509 470 2577 ἐκέλευσαν
498 2509 670 2587 ἀποδείξαι
697 2511 757 2574 τὸν
780 2508 1046 2593 ἐπιτηδειότατον

41 2627 100 2682 τῶν
129 2615 379 2705 πρεσβυτέρων,
412 2617 449 2694 ὃς
479 2616 619 2693 οὐθενὸς
647 2618 789 2700 ῆμελλεν
817 2614 903 2694 ἕξειν
931 2614 1047 2702 ἑτέρου

41 2726 119 2808 πλὴν
148 2735 217 2790 τῶν
248 2721 324 2810 περὶ
355 2725 396 2789 τοὶ
428 2730 506 2789 θεία
534 2706 710 2808 σεβασμῶν
738 2723 800 2807 τῆν
827 2725 1046 2807 προστασίαν,

41 2829 157 2916 ἁπάσης
174 2832 383 2916 λειτουργίας
401 2835 579 2914 πολεμικῆς
596 2827 652 2894 καὶ
670 2834 839 2914 πολιτικῆς
857 2827 1047 2916 ἀφειμένος,

105 3066 119 3114 6
136 3055 283 3129 ἐκύρωσαν
301 3059 325 3112 Β
397 3065 412 3113 λ
431 3057 505 3113 κατὰ
527 3057 579 3125 τὴν
603 3055 685 3111 πόλιν
706 3073 728 3112 ο.
748 3056 904 3110 Ambrosch
921 3061 924 3123 λ
942 3052 1049 3125 ἐψηφί-

42 3146 117 3184 σαντο
134 3131 160 3184 Α
217 3137 250 3184 10
269 3130 311 3202 τε]
331 3128 362 3185 δὲ
381 3128 581 3199 ΒΙτιμίωνΒ
638 3135 670 3182 13
690 3125 760 3196 μηδὲ
781 3158 814 3167 -
833 3125 904 3197 μηδὲ
923 3143 946 3180 ο.
966 3126 1047 3180 Hert-

42 3199 94 3254 lein
109 3202 223 3256 Hermes
242 3201 268 3255 X
285 3208 337 3256 413
354 3205 358 3270 Ι
375 3200 490 3273 βασιλέα
508 3219 537 3254 τε
557 3197 671 3270 μηθένα
689 3198 712 3251 Β
767 3203 800 3251 14
819 3196 933 3268 μηθένα
952 3214 1006 3253 om.
1025 3197 1048 3250 B

76 3277 104 3325 15
122 3268 281 3343 ἐπιτρέπειν
299 3273 325 3326 A
345 3273 349 3343 Ι
370 3270 421 3342 μέν
445 3272 480 3341 δὴ
500 3287 523 3325 ο.
543 3269 686 3339 Kiessling
707 3273 710 3339 λ
730 3269 808 3340 περὶ]
828 3267 900 3339 ὑπὲρ
918 3267 1049 3323 Hertlein

43 3340 515 3413 1.1.cf.TeggeQuaest.p.11n
589 3347 621 3396 17
642 3336 703 3396 έπελ
721 3338 753 3395 δὲ
772 3342 795 3394 Β
812 3339 881 3408 ικαὶ
899 3341 1046 3395 πολλῶνΒ

78 3420 105 3468 18
121 3413 268 3487 γεγονέναι
287 3415 345 3486 (vel
359 3412 505 3484 γενέσθαι)
524 3430 547 3467 ο,
562 3411 666 3466 Reiske
703 3410 849 3482 γενόμενοι
866 3412 888 3467 Ο
943 3418 979 3466 24
993 3416 1049 3466 λει-

43 3486 204 3561 τουργ<ί>ας
221 3486 268 3541 Bb
524 3511 526 3516 ε
