2394 3912
466 200 627 252 ,ς-

37 373 136 428 τοῦτο
167 363 314 428 κατιδὼν
345 361 555 448 όΜάρκιος,
588 359 671 448 ὑπὲρ
700 357 740 427 οὗ
768 365 931 447 πρότερον
959 363 1056 445 ἔφην,
1170 397 1172 448 3

39 472 170 535 ἵσταται
194 471 260 534 σὺν
283 469 409 552 ὀλίγοις
430 467 486 533 καὶ
510 467 638 553 δέχεται
661 471 699 534 τὸ
723 469 966 554 ἐπιφερόμενον
988 479 1056 533 τῶν

38 580 211 664 πολεμίων
238 587 369 661 στῖφος·
405 576 602 660 καταβαλὼν
630 572 667 642 δὲ
690 578 835 662 συχνούς
858 574 983 658 αὐτῶν,
1013 575 1057 651 ὡς

39 681 215 749 ἐνέκλιναν
239 684 275 748 οί
294 681 404 749 λοιποί
427 681 483 748 καὶ
504 684 588 769 πρὸς
604 685 666 768 τὴν
684 686 783 749 πόλιν
802 684 957 766 ἔφευγον,
981 682 1055 766 ἠκο-

38 791 158 856 λούθει
186 793 329 856 κτείνων
357 789 408 855 ἀεί
430 793 509 866 τοὺς
532 790 569 855 ἐν
592 787 685 875 χερσὶ
707 787 763 855 καὶ
786 788 1082 872 ἐπικελευόμενοςι

9 909 107 974 οιτοϊς
131 899 300 982 φεύγουσι
322 909 391 963 τῶν
413 896 585 982 σφετέρων
605 896 826 982 ἀναστρέφειν
844 919 880 961 τε
898 893 953 960 καὶ
970 901 1055 978 θαρ-

40 1016 109 1089 ρεῖν
129 1002 186 1070 καὶ
206 1005 297 1092 αὐτῷ
316 1003 464 1070 ἕπεσθαι,
502 1004 538 1069 οί
553 999 585 1069 δ’
607 1002 821 1081 αἰδεσθέντες
839 1000 892 1068 ἐπὶ
905 1009 951 1091 τῷ
969 1005 1054 1090 ἔργω
1070 1001 1091 1066 5

40 1111 249 1198 ἀνέστρεφον
268 1105 369 1188 αὖθις
385 1109 441 1177 καὶ
459 1121 528 1188 τοῖς
544 1105 622 1176 καθ’
640 1109 780 1188 ἑαυτοὺς
797 1107 963 1175 ἐπέκειντο
981 1111 1056 1174 παί-

41 1242 132 1296 οντες
146 1217 204 1284 καὶ
219 1219 407 1302 διώκοντες,
421 1215 476 1284 καὶ
493 1212 537 1283 δι’
551 1217 667 1302 ὀλίγον
680 1220 805 1304 χρόνον
818 1219 897 1293 τοὺς
909 1221 1056 1300 συμπλα-

41 1324 155 1403 κέντας
170 1325 305 1392 ἕκαστοι
318 1325 518 1411 τρεψάμενοι
532 1324 745 1411 προσέκειντο
759 1334 830 1401 τοϊς
842 1325 978 1408 τείχεσι·
1001 1321 1056 1387 καὶ
1071 1339 1097 1379 1⁰

42 1433 58 1496 ὁ
86 1433 243 1520 Μάρκιος
273 1433 486 1519 θρασύτερον
517 1433 581 1515 ἤδη
615 1433 824 1498 κινδυνεύων
856 1428 1055 1515 προσωτέρω

44 1544 166 1622 μᾶλλον
191 1536 307 1624 έχώρει
331 1536 385 1604 καὶ
408 1540 491 1622 πρὸς
514 1538 629 1616 αὐταῖς
647 1540 827 1623 γενόμενος
843 1548 916 1614 ταῖς
934 1538 1054 1614 πύλαις

45 1645 273 1712 συνεισέπιπτε
304 1656 374 1722 τοῖς
397 1646 592 1730 ’φεύγουσιν
624 1648 671 1722 είς
697 1646 735 1711 τὸ
763 1657 878 1730 τεῖχος.
925 1661 1056 1710 συνεισ-

47 1756 214 1819 πεσόντων
248 1751 281 1818 δ’
317 1752 405 1840 αύτῷ
438 1750 494 1817 καὶ
526 1754 638 1819 ἀλλων
670 1763 804 1838 συχνῶν
836 1754 918 1817 κατὰ
950 1753 1056 1817 πολλὰ

45 1856 122 1943 μέρη
145 1869 205 1945 τῆς
228 1863 354 1937 πόλεως
378 1862 483 1944 φόνος
506 1859 632 1943 ἐγίνετο
652 1859 684 1939 ἐξ
704 1860 831 1945 ἀμφοῖν
849 1860 964 1935 πολύς·
987 1870 1056 1925 τῶν
1072 1875 1097 1916 15

45 1961 102 2046 μὲν
125 1967 190 2032 ἀνδι
213 1971 292 2045 τοὺς
316 1967 519 2049 στενωπούς,
542 1978 610 2032 τῶν
634 1965 671 2033 δὲ
693 1965 769 2053 περὶ
791 1978 862 2044 ταῖς
885 1965 1057 2051 ἁλισκομέ-

45 2087 115 2149 ναις
138 2076 261 2152 οίκίαις
283 2071 488 2159 μαχομένων.
535 2076 789 2159 συνελάμβανον
813 2070 849 2138 δὲ
872 2082 933 2139 τοῦ
956 2074 1092 2159 έργου6

45 2189 112 2254 τοῖς
143 2183 247 2247 ἔνδον
279 2177 335 2245 καὶ
365 2190 521 2264 γυναῖκες
551 2180 614 2246 ἀπὸ
641 2191 709 2245 τῶν
739 2191 846 2264 τεγῶν
875 2181 1079 2262 βάλλουσαι,

45 2287 121 2361 τοὺς
137 2291 318 2372 πολεμίους
336 2298 405 2364 τοῖς
423 2292 638 2372 καλυπτῆρσι,
662 2284 717 2352 καὶ
736 2282 816 2353 καθ’
835 2288 916 2353 ὅσον
931 2285 1055 2374 ἕκάστφ

46 2413 93 2466 τις
115 2394 210 2479 ίσχὺς
233 2391 286 2458 καὶ
311 2395 453 2478 δύναμις
475 2388 519 2476 ἦν
541 2395 726 2480 προθύμως
749 2395 921 2479 ἐβοήθουν
938 2403 977 2479 τῇ
996 2415 1056 2459 πα-
1071 2411 1097 2450 2⁰

18 2501 140 2580 δότρίδι.
182 2500 225 2566 οὐ
256 2498 371 2584 μέντοι
402 2497 455 2565 ἐπὶ
482 2502 590 2566 πολύν
619 2525 656 2584 γε
683 2504 809 2586 χρόνον
835 2512 905 2578 τοῖς
932 2502 1057 2577 δεινοῖς

47 2601 207 2691 ἀντεῖχον,
227 2603 298 2672 ἀλλ’
315 2606 579 2691 ἠναγκάσθησαν
596 2608 819 2694 παραδιδόναι
834 2614 920 2690 σφᾶς
934 2607 1058 2683 αὐτούς

47 2721 113 2787 τοῖς
134 2715 360 2797 κεκρατηκόσι.
400 2721 521 2780 τοῦτον
545 2710 582 2778 δέ
604 2715 663 2780 τὸν
686 2716 810 2800 τρόπον
834 2712 978 2797 ἀλούσης
999 2723 1057 2797 τῆς

48 2819 171 2896 πόλεως
195 2821 230 2886 οί
250 2817 310 2904 μέν
329 2821 424 2885 ἀλλοι
438 2815 591 2904 Ῥωμαῖοι
609 2823 692 2906 πρὸς
711 2821 863 2907 ἁρπαγὴν
880 2830 948 2884 τῶν
963 2820 1057 2903 ε’γκα-

48 2924 287 3008 ταληφθέντων
315 2924 496 3011 έτράποντο
524 2923 580 2990 καὶ
607 2927 702 3012 μέχρι
731 2932 858 2993 πολλοῦ
886 2925 1056 2992 διετέλουν
1070 2944 1096 2986 ιι

118 3191 290 3261 θφεύγουσι
306 3189 404 3245 τῶνΒ
441 3189 594 3260 φεύγουσιν
613 3190 658 3244 ἀεὶ
676 3199 733 3245 τῶν
750 3189 776 3243 R
865 3192 964 3253 θεοὺς
982 3187 1054 3244 καθ’

51 3249 164 3323 ἒαντοθς
182 3265 207 3315 A
281 3269 312 3316 13
333 3261 562 3324 συνειςπίπτειΒ
640 3268 672 3315 15
693 3258 840 3332 έγίνετοΒ
877 3257 986 3331 ἐγένετο
1005 3261 1055 3335 Ιάλ

51 3327 167 3402 ἀμφοῖν]
187 3331 353 3404 ἀμφοτέρων
372 3350 394 3387 c.
414 3334 517 3387 (λαντον
535 3333 600 3387 Obu.
618 3351 646 3424 φ.
665 3340 700 3387 48
756 3339 789 3386 18
808 3332 857 3386 καλ
876 3331 908 3386 αἱ
924 3340 1056 3402 γυναῖκες

51 3395 201 3472 ΒΙτεγῶν
223 3403 275 3457 ΑΒ
313 3413 415 3474 στεγῶν
438 3403 464 3457 R
554 3411 586 3458 19
615 3403 742 3467 εκάοτοις
767 3402 843 3474 ἰσχὺς
868 3420 891 3457 ο.
919 3403 1057 3458 Βῦολιθλοτ

52 3472 83 3520 21
102 3491 132 3540 γε
151 3475 215 3531 add.
234 3475 257 3527 B
329 3482 364 3530 24
383 3471 664 3546 ἐγκαταλειφθέντων
684 3475 706 3529 O
726 3491 795 3530 corr.
816 3474 936 3545 Sylburg

101 3571 324 3616 Dlom.HA11.H.
345 3586 382 3616 ιιι).
396 3577 498 3617 δεοοετ.
705 3599 708 3606 ·
863 3569 897 3617 26
