2384 3902
143 219 210 284 212
573 224 738 274 -E-

143 407 179 448 τε
202 380 256 448 καί
280 385 457 463 στασιάζον
480 383 591 448 αὐτῶν
615 381 795 468 ἐπεκράτει,
818 382 877 460 τάς
897 383 1002 459 πύλας
1021 380 1168 462 ἐκκόψαςεει

144 487 199 554 καὶ
224 489 264 554 τδι
287 491 476 575 βραχύτατα
499 501 567 555 τών
591 489 764 575 ἐρυμάτων
786 487 919 574 κλίμαξι
941 491 1139 574 καταλαβόμε-

108 615 202 681 5νος
225 596 308 661 κατά
331 596 450 681 κράτος
468 598 598 681 είλῆφει
621 597 683 680 τῆν
705 599 814 661 πόλιν.
862 595 994 680 ἐκείνην
1016 592 1077 680 μὲν
1096 590 1141 660 οὖν

143 704 205 787 τῆν
236 700 363 788 ἡμέραν
396 701 451 768 καί
483 705 545 787 τῆν
579 703 740 770 ἐπιοῦσαν
769 704 874 768 νύκτα
902 701 1019 787 φέρειν
1045 701 1140 768 τεκαὶ

116 811 238 894 εάγειν
266 811 307 875 τά
333 813 483 896 χρήματα
512 823 582 897 τοῖς
610 809 785 895 σφετέροις
812 809 929 894 ἐφῆκε·
965 818 1004 895 τῆ
1033 806 1064 874 δ’
1089 807 1141 892 ἑξῆς

144 924 355 1002 συναχθῆναι
378 920 457 994 τοὺς
481 918 711 1002 αἰχμαλώτους
735 918 782 993 είς
804 917 842 982 ἓν
864 919 989 1002 χωρίον
1007 916 1142 991 κελεύσας

143 1025 222 1100 τοὺς
251 1020 313 1108 μὲν
343 1025 595 1108 βουλεύσαντας
622 1025 683 1108 τῆν
711 1023 895 1089 ἀπόστασιν
918 1023 1067 1100 άπαντας
1087 1021 1142 1086 άπέ-

143 1153 266 1212 κτεινε,
298 1131 358 1195 τὸν
391 1127 425 1196 δ’
458 1132 561 1197 άλλον
590 1133 692 1216 ὄχλον
722 1129 880 1213 ἀπέδοτο,
910 1132 973 1214 τὴν
1001 1127 1038 1194 δὲ
1067 1132 1142 1194 πόλιν

144 1234 358 1315 κατέσκαψεν.

105 1361 131 1401 10
192 1380 194 1385 ,
213 1342 248 1410 L.
276 1341 348 1408 Ἐπὶ
368 1341 405 1408 δὲ
423 1351 481 1426 τῆς
501 1342 748 1427 ἑβδομηκοστῆς
766 1342 988 1427 ὀλυμπιάδος,
1010 1341 1056 1426 ῆν
1074 1341 1144 1408 ἐνίκα

145 1451 283 1516 στάδιον
306 1449 431 1527 Νικέας
455 1451 587 1536 Λοκρὸς
610 1449 644 1528 ἐξ
664 1446 857 1533 Ὀποῦντος,
886 1451 1049 1535 άρχοντος
1070 1443 1144 1529 Ἀδῆ-

144 1574 223 1642 νησι
237 1558 391 1643 Σμύρου,
414 1556 717 1643 παραλαμβάνουσι
739 1557 802 1640 τῆν
824 1556 953 1621 ὕπατον
972 1555 1079 1641 άρχῆν
1095 1557 1145 1619 Πύ

145 1682 267 1748 στομος
290 1667 453 1748 Κομίνιος
476 1661 531 1729 καὶ
562 1668 658 1740 Τίτος
681 1664 840 1749 Λάρκιος·
878 1653 932 1748 ἐφ’
955 1658 1003 1728 ὧν
1027 1661 1145 1744 ἀπέστη-

145 1785 208 1834 σαν
246 1771 283 1835 αί
313 1773 469 1836 Λατίνων
507 1773 619 1847 πόλεις
657 1769 721 1836 άπὸ
751 1773 810 1855 τῆς
837 1767 1009 1854 Ῥωμαίων
1043 1771 1146 1855 φιλίας,

104 1893 131 1953 ,15
142 1873 335 1942 Ὀκταουίου
358 1880 534 1962 Μαμιλίου
557 1886 619 1943 τοῦ
640 1877 867 1960 κηδεύσαντος
891 1878 1068 1964 Ταρκυνίῳ
1087 1877 1147 1950 τοὺς

146 1983 431 2068 ἐπιφανεστάτους
453 1981 487 2060 ἐξ
511 1982 649 2067 ἑκάστης
672 1985 814 2065 πόλεως,
840 1985 919 2059 τοὺς
942 1979 1004 2066 μὲν
1027 1979 1148 2065 ὑποσχέ-

74 2161 75 2166 1
146 2107 219 2156 σεσι
240 2091 370 2174 δώρων,
393 2093 473 2166 τοὺς
493 2087 529 2154 δὲ
544 2091 678 2173 δεῆσεσι
694 2092 869 2167 πείσαντος
889 2089 1079 2174 συμπρᾶξαι
1095 2093 1179 2162 τοῖςλλὶ

111 2198 275 2284 2φυγάσι
298 2199 360 2281 τῆν
383 2199 544 2263 κάθοδον.
582 2194 639 2261 καὶ
661 2199 789 2278 γίνεται
811 2197 908 2280 κοινῆ
931 2207 1000 2262 τών
1024 2212 1150 2277 συναγο-

146 2303 256 2388 μένων
279 2305 327 2381 είς
353 2305 556 2390 Φερεντῖνον
581 2301 687 2387 άγορά
709 2303 796 2386 πλῆν
820 2311 895 2387 μιᾶς
917 2310 976 2386 τῆς
999 2297 1152 2387 Ῥωμαίων

106 2429 132 2470 20
145 2414 294 2488 πόλεως’,
326 2411 429 2496 ταύτη
462 2411 525 2495 γάρ
559 2409 620 2474 οὐκ
654 2407 852 2492 ἐπήγγειλαν
884 2412 970 2494 μόνη
1001 2417 1151 2494 παρεῖναι,

146 2518 297 2604 καθάπερ
323 2519 501 2584 εἰώθεσαν·
536 2515 572 2580 ἐν
595 2505 616 2602 ᾖ
641 2524 757 2600 ψῆφον
776 2515 924 2599 ἐνεγκεῖν
943 2515 1013 2580 έδει
1032 2516 1089 2592 τάς
1107 2516 1153 2579 πό-

147 2629 215 2700 λεις
242 2623 318 2709 περὶ
347 2634 408 2690 τοῦ
437 2621 585 2707 πολέμου
609 2619 664 2687 καὶ
688 2624 894 2707 στρατηγούς
917 2621 1091 2700 ἀποδεῖξαι
1111 2616 1153 2683 καί

113 2729 224 2816 3περὶ
247 2741 315 2797 τών
338 2733 449 2796 ἄλλων
473 2728 723 2813 βουλεύσασθαι
746 2737 976 2814 παρασκευῶν.
1009 2727 1154 2812 ἐτύγχανε

149 2834 186 2902 δὲ
218 2839 300 2902 κατά
331 2839 391 2902 τὸν
425 2838 550 2922 χρόνον
580 2844 702 2899 τοῦτον
731 2833 975 2918 ἀπεσταλμένος
1002 2833 1068 2900 ὑπὸ
1091 2830 1154 2897 Ῥω·

108 2961 134 3002 25
149 2947 258 3031 μαίων
287 2945 491 3031 πρεσβευτὴς
519 2943 660 3028 Μάρκος
685 2940 866 3027 Οὐαλέριος
894 2940 980 3026 άνῆρ
1009 2939 1156 3012 ὑπατικὸς

147 3054 195 3129 είς
218 3053 276 3128 τάς
300 3051 445 3137 ὁμόρους
467 3051 580 3125 πόλεις
609 3050 811 3132 δεησόμενος
830 3048 941 3112 αύτών
960 3043 1065 3132 μηδὲν
1083 3069 1154 3111 νεω-

222 3275 497 3348 λκαταβαλόμενος]
512 3280 617 3330 καταλ.
630 3295 710 3338 ,ενος
723 3276 769 3329 Bb
794 3274 1022 3365 καταλαβόμενος
1041 3273 1092 3327 Ba
1131 3279 1155 3325 11

154 3345 278 3406 Νικαίας
296 3347 321 3398 A
349 3346 382 3400 ef
406 3347 528 3414 Rutgers
554 3347 590 3400 ad
613 3346 664 3401 Iul
684 3345 769 3401 Afric.
794 3343 988 3436 Ὀλυμπιάδων
1010 3342 1156 3414 ἀναγραφὴ

154 3427 191 3528 11³5
201 3419 308 3545 ἳβαλίου
326 3421 358 3533 ἒλ
382 3417 550 3486 ποοτούμιος
573 3418 598 3469 Α
643 3417 793 3487 ποστύμιος
812 3418 833 3471 Β
877 3415 1012 3486 πόστομος
1029 3415 1158 3484 Sigonius
