2384 3902
465 227 626 280 ..ς-

48 388 172 472 πάρχην
205 391 307 454 Τῖτον
336 388 520 472 Αἰβούτιον
553 388 677 470 ἀγοντιι
707 390 787 466 τοὺς
817 389 1057 475 ἀκμαιοτάτους

50 493 151 571 ίππείς
173 516 209 559 τε
231 491 288 560 καὶ
310 495 447 578 ψιλούς,
474 493 723 578 καταλαβέσθαι
744 497 901 573 κελεύσας
924 497 1003 583 ὅρος
1023 520 1055 562 τι

3 605 149 676 οεεκαλῶς
172 598 209 665 έν
232 601 371 688 παρόδῳ
390 603 544 685 κείμενον
561 611 633 679 ταῖς
650 600 968 688 παρακομιζομέναις
988 607 1056 668 Λα-

46 708 144 782 τίνοις
172 705 312 791 ἀγοραῖς
339 712 489 772 οἴκοθεν·
531 704 587 771 καὶ
615 708 741 792 φθάνει
768 706 848 794 πρὶν
875 706 1057 774 αἰσθέσθαι

44 815 117 889 τοὺς
139 814 322 898 πολεμίους
344 812 365 896 ἡ
389 815 453 878 σὺν
475 821 521 901 τῷ
544 813 688 899 ίππάρχη
706 821 897 899 πεμφθεῖσα
917 815 1084 900 δύναμιςε

44 920 171 1005 νύκτωρ
195 925 440 1004 παρενεχθεῖσα
463 916 519 985 καὶ
538 916 582 984 δι’
599 921 682 1004 ύλης
700 920 857 1006 ἀτριβοῦς
875 923 1057 988 διελθοῦσα

43 1023 94 1090 καὶ
116 1025 284 1110 γενομένη
308 1024 468 1110 ἐγκρατὴς
488 1033 550 1091 τοῦ
573 1028 690 1110 λόφου.

106 1131 147 1197 V.
175 1133 360 1208 Μαθόντες
383 1127 415 1196 δ’
437 1131 473 1196 οί
493 1130 672 1217 στρατηγοὶ
689 1144 758 1200 τῶν
775 1135 944 1218 πολεμίων
961 1157 1059 1199 κατοι-

43 1240 277 1322 λαμβανόμενα
309 1235 366 1304 καὶ
396 1239 437 1302 τά
468 1239 550 1304 κατὰ
586 1239 696 1304 νώτου
726 1250 823 1324 σφῶν
851 1239 977 1325 ἐρυμνά
1003 1237 1059 1306 καὶ

45 1341 120 1409 οὐδὲ
151 1342 232 1430 περὶ
263 1353 321 1428 τῆς
355 1349 493 1410 οίκοθεν
525 1344 648 1429 ἀγορᾶς
679 1347 821 1430 χρηστὰς
848 1346 896 1410 ἔτι
924 1345 1058 1422 ἐλπίδας
1073 1363 1099 1404 ιο

45 1452 172 1533 ἔχοντες
197 1450 242 1528 ὡς
265 1449 423 1535 ἀσφαλῶς
446 1453 544 1534 σφίσι
561 1448 952 1536 παρακομισθησομένης,
977 1451 1058 1518 ἀπα-

46 1555 136 1639 ράξαι
163 1558 246 1632 τοὺς
264 1551 447 1642 Ῥωμαίους
473 1558 626 1639 ἔγνωσαν
654 1555 718 1623 ἀπὸ
741 1565 802 1622 τοῦ
824 1559 948 1642 λόφου,
978 1556 1058 1644 πρὶν

45 1661 63 1744 ἢ
89 1663 212 1748 χάρακι
238 1660 294 1727 καὶ
316 1661 433 1750 τάφρῳ
457 1663 696 1748 κρατύνασθαι.
738 1661 915 1747 ἀναλαβὼν
939 1661 975 1729 δέ
997 1665 1094 1748 τὴυ2

5 1768 142 1834 οεεῖκπον
167 1769 286 1854 ἀτερος
309 1767 420 1834 αὐτῶν
443 1765 567 1846 Σέξτος
588 1771 734 1852 ἤλαυνεν
758 1768 822 1836 ἀνά
843 1770 963 1852 κράτος
987 1771 1059 1852 [αύ-

45 1877 129 1959 τήν,]
167 1875 213 1952 ὡς
246 1873 287 1939 ού
318 1870 497 1958 δεξομένης
529 1873 631 1940 αὐτὸν
658 1883 716 1958 τῆς
738 1870 918 1960 Ῥωμαῖκῆς
947 1876 1058 1943 ἵππου.
1074 1895 1100 1936 1⁶

45 1984 206 2062 γενναίοις
230 1976 268 2046 δὲ
290 1991 358 2045 τῶν
375 1974 546 2063 Ῥωμαίων
568 1979 693 2046 ίιτπέων
711 1983 790 2058 τοὺς
809 1982 960 2059 ἐπιόντας
978 1984 1060 2050 ὑπο-

45 2087 230 2170 μεινάντων
260 2083 355 2170 μέχρι
385 2084 447 2168 μέν
475 2107 568 2161 τινος
598 2085 748 2170 ἀντεῖχεν
777 2087 998 2174 ὑποστρέφων
1025 2114 1059 2156 τε

45 2190 95 2258 καὶ
127 2188 232 2269 αὖθις
260 2191 405 2274 ἐπάγων·
442 2188 512 2256 ἐπεὶ
541 2187 571 2256 δ’
607 2193 628 2275 ἢ
655 2215 690 2258 τε
718 2193 820 2277 φύσις
846 2203 908 2258 τοῦ
934 2197 1059 2280 χωρίου
1132 2191 1134 2196 ’

44 2310 110 2377 τοῖς
132 2297 198 2384 μέν
220 2299 286 2382 ἤδη
310 2304 470 2381 κρατοῦσι
492 2307 560 2361 τῶν
584 2298 695 2382 άκρων
718 2299 843 2382 μεγάλα
866 2303 1060 2386 πλεονεκτη-

46 2429 126 2490 ματα
154 2415 307 2489 παρεῖχε,
335 2413 406 2480 τοῖς
433 2399 470 2468 δὲ
497 2403 650 2468 κάτωθεν
677 2403 830 2471 ἐπιοῦσιν
858 2403 959 2472 οὐδὲν
987 2407 1005 2472 ὅ
1028 2431 1059 2473 τι
1074 2427 1100 2466 ιο

45 2514 84 2596 μὴ
108 2512 236 2587 πολλάς
258 2510 349 2574 πάνυ
370 2509 498 2593 πληγὰς
519 2507 576 2574 καὶ
597 2512 723 2588 πόνους
744 2511 932 2596 ἀνηνύτους
951 2516 1060 2601 έφερε,

45 2616 95 2684 καί
129 2613 234 2693 αὖθις
264 2613 360 2700 ἑτέρα
389 2624 499 2700 παρῆν
530 2616 671 2700 δύναμις
700 2629 770 2695 τοῖς
791 2613 963 2704 Ῥωμαίοις
993 2622 1060 2686 έπι-

44 2721 168 2789 λέκτων
202 2722 338 2808 ἀνδρῶν
368 2721 405 2787 ἐκ
430 2731 489 2806 τῆς
516 2725 645 2806 πεζικῆς
674 2724 847 2807 φάλαγγος
874 2726 1060 2812 ἐπίκουρος,

45 2828 83 2911 ἣν
116 2830 135 2895 ὁ
165 2830 357 2912 Ποστόμιος
388 2828 470 2892 κατά
504 2829 611 2904 πόδας
641 2828 847 2915 ἀπέστειλεν,
881 2829 980 2900 οὐδέν
1013 2838 1061 2901 ἔτι

44 2937 199 3020 πράττειν
223 2934 411 3018 δυνάμενος
433 2933 538 3017 ἀπῆγε
560 2935 622 3017 τὴν
645 2936 747 3002 ἰ’ππον
771 2937 824 3004 έπὶ
842 2941 902 3006 τὸν
920 2941 1060 3026 χάρακα·
1075 2958 1101 2998 2⁵

44 3039 96 3106 καὶ
129 3043 165 3108 οί
184 3036 340 3125 Ῥωμαῖοι
371 3042 511 3123 βεβαίως
537 3050 736 3126 κρατοῦντες
763 3045 801 3108 τὸ
828 3048 952 3130 χωρίον
979 3067 1060 3131 προ-

45 3159 160 3232 φανῶς
189 3147 413 3233 κρατύνονται
443 3147 546 3232 <τὴν>
578 3150 741 3231 φυλακην.
788 3152 868 3234 μετά
895 3160 993 3217 τοῦτο
1022 3153 1095 3219 τὸ3

116 3276 154 3330 10,
170 3267 211 3324 ἔτι
230 3285 283 3324 om.
303 3266 329 3320 A
403 3273 434 3321 11
455 3267 657 3337 ἀπορράξαιΟ
682 3285 751 3325 corr.
771 3269 861 3324 Cobet
880 3272 945 3327 Obs.
964 3291 991 3343 p.
1008 3281 1059 3331 109

48 3347 78 3394 13
98 3340 148 3396 καί
166 3339 287 3410 λόφωΟ
325 3338 374 3393 καί
397 3338 496 3412 τάφρῳ
515 3339 690 3394 Camerarius
764 3347 798 3395 14
817 3342 905 3412 αὐτὴν
925 3344 979 3401 del.
1000 3344 1061 3404 Sin-

46 3393 300 3538 χχιχιεέῐῳοιὴθβθίφο.
315 3410 389 3464 Π26
462 3415 495 3463 21
517 3407 620 3482 ἔφερον
638 3412 664 3465 Α
701 3409 883 3486 ἔφερε<ν>Β
957 3422 990 3472 27
1009 3416 1060 3486 τὴν
