2384 3902
135 212 201 284 272
564 219 723 272 -ἕ-

101 405 195 469 χνος
224 381 243 446 ὁ
273 389 331 464 τῆς
359 379 489 464 ἡλικίας
518 377 709 445 ἀποδέδωκε
739 377 793 444 καὶ
822 379 840 444 ὁ
868 380 981 462 νόμος.
1028 377 1144 442 οὐκοῦν

138 488 277 573 αἰσχρὸν
308 483 369 571 μὲν
400 487 487 570 ὑμᾶς
517 489 596 563 τοὺς
628 486 665 551 ἐν
697 485 783 572 ἀκμή
813 485 954 570 φεύγειν
980 485 1022 550 τὰ
1049 484 1143 566 δεινά,

136 595 277 672 τούτους
299 590 337 658 δὲ
356 595 435 669 τοὺς
452 589 537 677 ὑπὲρ
555 591 688 676 ἡλικίαν
707 593 853 677 διώκειν,
876 589 932 657 καὶ
949 593 988 656 τὸ
1007 588 1070 676 μὲν
1086 602 1144 655 τῶν

136 702 306 785 γερόντων
325 702 517 784 πρόθυμον,
537 697 607 764 ἐπεὶ
625 698 688 764 οὐκ
706 698 902 765 ἀποκτεῖναί
916 721 996 763 τινα
1015 698 1146 762 δύναται

111 816 206 871 ετῶν
222 807 402 889 πολεμίων,
420 804 649 889 ἀποθνήσκειν
666 827 705 889 γε
723 801 807 890 ὑπὲρ
825 815 884 890 τῆς
902 806 1066 891 πατρίδος
1083 801 1146 869 ἐθέ-

139 917 225 996 λειν,
250 912 288 976 τὸ
312 908 342 975 θ’
365 908 527 995 ὑμέτερον
549 911 705 995 ἀκμάζον,
730 903 780 988 οἷς
804 909 931 990 ἔξεστιν
954 910 1145 995 εὐτυχήσασι

139 1013 201 1101 μὲν
230 1016 401 1102 ἀμφότερα
431 1027 536 1082 σώσαι
563 1014 619 1081 καὶ
648 1025 746 1081 νικᾶν
774 1016 948 1101 ἀσφαλῶς,
976 1018 1010 1082 εἰ
1034 1013 1076 1080 δὲ
1100 1013 1188 1082 uallo&

139 1122 228 1207 <μή>
257 1124 337 1207 μετὰ
364 1131 426 1188 τοῦ
453 1123 578 1208 δρᾶσαί
600 1145 633 1186 τι
656 1133 814 1205 γενναῖον
836 1120 893 1188 καὶ
914 1129 1053 1206 παθεῖν,
1078 1125 1146 1206 μήτε

139 1237 196 1312 τῆς
218 1229 319 1312 τύχης
340 1238 460 1312 πεῖραν
483 1232 613 1312 λαβεῖν,
644 1231 724 1313 μήτε
747 1230 809 1313 τήν
830 1237 889 1314 τῆς
911 1228 1030 1315 ἀρετῆς
1057 1228 1146 1306 δόξαν

100 1317 346 1432 gunval-metm
371 1335 412 1400 οὐ
434 1336 518 1421 πρὸς
535 1336 642 1420 ὑμῶν,
666 1331 692 1400 ώ
712 1337 833 1422 ἀνδρες
846 1331 1011 1420 Ῥωμαῖοι,
1034 1337 1080 1400 τὰ
1096 1331 1146 1419 μὲν

25 1455 28 1464 ’
140 1443 246 1507 πολλὰ
269 1441 431 1529 ὑπάρχειν
453 1438 510 1506 καλ
531 1443 711 1526 θαυμαστὰ
733 1444 814 1527 ἔργα
836 1440 913 1526 παρ’
937 1440 1076 1526 ἑτέροις,
1099 1440 1148 1516 οὓς

141 1546 252 1624 οὐδεὶς
278 1548 420 1633 ὑμνήσει
447 1549 547 1631 λόγος
574 1547 686 1626 ἀξίωςς
715 1549 840 1624 πολλὰς
862 1543 899 1612 δὲ
921 1545 979 1612 καὶ
1001 1549 1148 1632 περιβοή-

140 1676 219 1731 τους
250 1654 384 1738 πράξεις
411 1656 534 1730 οἰκείας
563 1655 600 1719 τὸ
628 1653 661 1732 ἐξ
689 1654 785 1738 ὑμῶν
812 1655 1019 1740 καρπώσεται
1050 1653 1148 1736 γένος,

141 1759 183 1841 ἢν
206 1770 327 1824 τοῦτον
350 1763 398 1825 ἔτι
420 1761 654 1845 κατορθώσητε
677 1761 737 1824 τὸν
760 1763 916 1844 πόλεμον.
961 1761 1016 1826 ἵνα
1043 1757 1083 1825 δὲ
1103 1757 1149 1824 καὶ

103 1881 129 1923 15
142 1874 212 1940 τοῖς
233 1866 274 1928 τὰ
296 1866 454 1950 κράτιστα
471 1867 566 1950 ὑμῶν
585 1866 747 1950 ἐγνωκόσι
765 1867 802 1931 τὸ
821 1867 980 1948 γενναῖον
998 1867 1045 1952 μή
1066 1867 1149 1950 ἀκερ-

142 1967 197 2046 δὲς
219 1969 354 2054 γένηται
377 1969 432 2037 καὶ
455 1983 525 2049 τοῖς
545 1970 629 2057 πέρα
646 1981 708 2038 τοῦ
727 1971 863 2051 θέοντος
880 1975 921 2038 τὰ
940 1974 1037 2038 δεινὰ
1055 1995 1150 2057 πεφο-

142 2075 299 2162 βημένοις
321 2079 365 2162 μή
390 2078 527 2162 ἀζήμιον
550 2068 586 2164 ᾖ,
615 2076 695 2163 πρὶν
718 2081 766 2156 είς
788 2087 891 2145 ταῦτα
914 2079 1048 2164 ἐλθεῖν,
1078 2080 1150 2145 οἵων

106 2181 308 2268 4ἑκατέροις
339 2183 543 2267 συμβήσεται
569 2195 697 2268 τυχεῖν,
729 2183 894 2251 ἀκούσατέ
919 2209 995 2269 μου.
1042 2178 1070 2274 ᾧ
1098 2182 1151 2270 μὲν

212 2345 228 2394 2
247 2340 320 2409 ὑμᾶς
338 2337 390 2409 μὲν
410 2333 444 2394 0'
469 2337 520 2408 μὲν
539 2341 612 2409 ὑμᾶς
630 2341 749 2395 Hudson
807 2348 823 2396 3
842 2341 930 2396 verba
948 2341 1016 2396 inde
1037 2343 1074 2396 ab
1094 2343 1151 2396 θεώ

142 2429 204 2464 κειν
222 2426 311 2478 usque
330 2410 367 2464 ad
385 2417 441 2464 τῶν
459 2413 600 2480 πολεμίων
619 2411 684 2466 add.
698 2411 745 2465 Bb
763 2410 794 2466 in
811 2429 877 2482 mge
893 2417 897 2479 Ι
913 2415 980 2476 τοὺς
998 2413 1054 2468 del.
1071 2412 1151 2466 Cobet

142 2480 208 2535 Oba.
227 2497 254 2548 p.
271 2486 322 2535 110
394 2487 411 2534 4
430 2479 569 2546 δύνανται
587 2482 677 2537 Cobet
695 2483 713 2537 l.
732 2483 751 2537 l.
825 2489 841 2537 5
861 2479 975 2539 ἐθέλειν
994 2484 1049 2540 del.
1070 2483 1152 2538 Cobet

142 2551 160 2605 l.
179 2551 199 2604 l.
255 2558 270 2606 6
291 2551 458 2622 εὐτυχήσασι
476 2549 528 2621 μὲν
547 2551 693 2624 ἀμφότερα
713 2552 841 2608 σώσαιΟ
878 2552 1028 2624 ἀμφότερα
1042 2553 1152 2623 εὐτυχή-

143 2637 207 2675 σασι
225 2619 277 2691 μὲν
296 2631 383 2677 σῶσαι
402 2621 525 2677 Sintenis
543 2623 604 2676 Em.
619 2623 701 2678 Dion.
716 2625 772 2678 119
810 2623 988 2695 ἀμφοτέρους
1007 2634 1096 2680 σώσαι
1113 2624 1152 2678 vel

142 2690 290 2817 ἀμφότερα
318 2697 460 2748 σεσῶσθαι
486 2693 591 2748 Reiske
628 2700 758 2763 σωθῆναι
779 2693 918 2749 Βῦολιοίοε
955 2705 1009 2759 σῶς
1031 2694 1057 2750 τ’
1085 2693 1152 2750 εἶναι

144 2763 233 2816 Cobet
274 2764 316 2818 bs,
331 2783 358 2833 p.
375 2770 425 2818 111
484 2763 757 2834 7ἀσφαλεῐςλΙ*εἰ
773 2763 804 2820 δὲ
819 2765 868 2820 καὶ
883 2785 917 2835 με
932 2775 983 2821 τοῦ
997 2767 1045 2820 Ba
1082 2764 1151 2821 εἰδὲ

142 2832 192 2887 καὶ
210 2833 280 2903 μετὰ
298 2843 347 2889 τοῦ
365 2834 443 2889 ABb
480 2833 507 2889 εἰ
525 2833 556 2890 δὲ
575 2834 613 2905 μὴ
631 2835 681 2889 καὶ
699 2835 769 2906 μετὰ
786 2845 836 2891 τοῦ
851 2836 986 2892 Gelenius
1022 2836 1049 2893 εἰ
1067 2835 1100 2892 δὲ
1114 2839 1155 2891 δεῖ

143 2903 213 2974 μετὰ
235 2903 338 2959 Reiske
381 2905 408 2961 εἰ
429 2904 460 2961 δὲ
484 2905 534 2961 καὶ
557 2905 636 2978 (μή)
659 2906 729 2976 μετὰ
751 2915 801 2962 τοῦ
823 2923 877 2977 ego
914 2907 1084 2979 εὐτυχήσασι
1106 2906 1152 2978 μὲν

143 2973 290 3046 ἀμφότερα
313 2983 400 3031 σῶσαι
423 2977 473 3031 καὶ
491 2985 587 3046 νικᾶν,
612 2982 741 3046 σφαλεῖσι
764 2976 795 3032 ἀὲ
819 2977 881 3048 μετ’
902 2979 991 3034 αὐτοῦ
1011 2982 1029 3033 ὃ
1047 2987 1115 3034 ἆσαι
1132 2995 1151 3030 ο.

142 3047 287 3101 Μειώιιιεε
309 3047 671 3117 Ann.phi1.1882p.252
754 3054 787 3102 11
810 3045 881 3120 παρ’
902 3001 1049 3121 ἕτέροιςά
1087 3043 1150 3117 παρ’

143 3111 245 3188 ἕτερον
269 3117 392 3172 Sintenis
415 3118 476 3174 Em
495 3118 576 3174 Dion.
596 3119 652 3173 Π8
698 3120 777 3202 παρὰ
798 3129 853 3176 τῶν
871 3119 1002 3192 πατέρων
1020 3120 1153 3175 Bficheler

144 3192 176 3239 12
195 3190 261 3254 post
279 3189 363 3252 ἀξίως
380 3189 511 3244 lacunam
530 3189 653 3244 Sintenis
672 3194 701 3244 et
719 3191 863 3262 K1essling
881 3191 1078 3262 significarunt
1124 3197 1151 3244 13

144 3257 332 3322 καρπεώσεται
353 3257 406 3311 ΑΒ
494 3265 526 3312 14
551 3256 796 3330 ἐπικατορθώσητε
821 3262 843 3317 Ο
891 3261 933 3317 ἔτι
958 3263 1151 3334 κατορθώσητε

146 3322 267 3392 Sylburg
343 3332 375 3381 11
395 3328 512 3396 ἀζήμιον
537 3323 555 3396 ᾖ
583 3330 613 3382 τὸ
642 3329 759 3399 ἀγεννὲς
781 3349 804 3386 ο.
829 3334 992 3388 dubitanter
1014 3334 1153 3401 Kiessling

146 3392 353 3476 πεφοβημένοις
375 3403 456 3474 τοῦτο
480 3413 502 3450 ο.
521 3397 629 3464 Kayser
646 3401 717 3454 Ann.
735 3401 805 3469 phil.
827 3409 894 3458 1866
913 3422 941 3472 p.
960 3409 995 3458 45
1031 3405 1153 3474 πεφοβη·

148 3473 242 3520 μενοις
260 3462 322 3520 θεος
340 3463 442 3516 Re1ske
459 3467 463 3532 Ι
479 3463 539 3520 οἷον
559 3471 583 3521 Α
958 3468 968 3479 ⁸
