2400 3912
458 207 620 256 ..E-

58 384 121 443 στος
140 365 269 450 ἀνδρῶν
292 364 399 431 τεκαὶ
418 376 599 448 γυναικῶν,
624 367 677 432 ὅτε
697 366 836 451 μάλιστα
855 368 949 452 δεινὴ
969 368 1050 433 σπά-

57 498 98 549 νις
116 482 177 538 τῶν
199 472 389 557 ἀναγκαίων
408 473 631 558 [ἐπιτηδείων]
651 475 797 551 ἅπαντας
814 486 953 560 κατεῖχε,
975 484 1051 560 μιᾶς

54 577 159 665 ἡμέρας
192 580 323 665 τροφὴν
359 578 555 666 ἐχαρίσαντο
593 581 752 666 μυριάδες
788 579 981 668 ἀνθρώπων
1015 583 1052 648 αἱ

54 687 203 771 σύμπασαι
231 689 365 764 πλείους
390 685 411 770 ἢ
434 687 620 772 τριάκοντα.
660 684 810 774 Ὁράτιος
832 684 893 773 μὲν
917 690 958 773 δη
982 699 1083 763 τοι-3

52 795 140 876 αότην
163 791 420 879 ἀποδειξάμενος
442 794 564 879 άρετην
588 794 624 860 ἐν
647 803 693 883 τῷ
717 798 790 860 τότε
812 798 922 883 χρόνῳ
948 800 1075 881 ζηλωι

51 901 94 976 τός
116 897 176 984 μὲν
200 903 232 966 εί
252 905 311 966 καί
330 925 380 979 τις
404 903 505 979 άλλος
522 896 693 985 Ῥωμαίων
716 901 858 986 ἐγένετο,
887 905 1049 989 ἄχρηστος

50 1001 72 1069 δ’
90 1008 133 1084 είς
159 1009 200 1072 τδι
228 1011 326 1074 λοιπά
348 1009 523 1094 πράγματα
546 1019 604 1092 τῆς
626 1012 753 1086 πόλεως
777 1011 832 1075 διδι
854 1011 917 1094 την
939 1012 1049 1094 πηρω-

46 1129 91 1177 σιν
114 1123 171 1199 της
194 1115 335 1199 βάσεως·
373 1113 429 1182 καὶ
453 1116 508 1180 διδι
530 1117 591 1200 τὴν
615 1117 794 1202 συμφοράν
817 1117 941 1200 ταύτην
967 1114 1044 1182 οὔθ’

47 1219 187 1298 ὑπατείας
217 1218 285 1287 οὔτ’
309 1223 410 1306 άλλης
432 1222 612 1306 ἡγεμονίας
635 1232 869 1308 στρατιωτικῆς
892 1222 1049 1308 οὐδεμιᾶς

44 1328 153 1410 ἔτυχεν.
198 1322 298 1405 οὗτός
322 1351 357 1393 τε
382 1328 423 1411 δη
446 1330 644 1413 θαυμαστὸν
667 1331 768 1414 ἔργον
791 1315 1089 1429 άποδειξάμενοςῖίχ

44 1430 71 1494 ἐν
91 1441 134 1520 τῷ
158 1437 234 1500 τότε
258 1433 364 1518 ἀγῶνι
384 1430 556 1520 Ῥωμαίοις
579 1435 669 1514 ἄξιος
692 1443 783 1521 είτιερ
806 1459 855 1514 τις
875 1434 930 1502 καὶ
949 1438 1049 1513 ἄλλος

40 1549 94 1603 τῶν
117 1538 169 1605 ἐπ’
194 1541 334 1626 ἀνδρείᾳ
358 1540 656 1625 διονομασθέντων
679 1542 901 1626 ἐπαινεῖσθαι,
925 1541 981 1608 καὶ
1001 1546 1049 1608 ἐτι

40 1647 110 1728 πρὸς
132 1649 243 1735 τούτῳ
269 1648 369 1725 Γάιος
391 1648 555 1731 Μούκιος,
579 1641 605 1737 ᾧ
626 1651 758 1736 Κόρδος
782 1649 971 1735 ἐπωνύμιον
994 1646 1048 1734 ἦν,

26 1750 111 1839 ιάνηρ
135 1753 170 1833 ἐξ
197 1753 371 1839 ἐπιφανῶν
389 1754 541 1840 πατέρων
559 1753 615 1822 καὶ
634 1755 734 1834 αὐτὸς
752 1756 961 1843 ἐγχειρήματι
980 1755 1049 1822 ἐπι-

35 1861 216 1946 βαλόμενος
244 1862 389 1950 μεγάλφ,
416 1860 492 1946 περὶ
516 1857 557 1928 οὗ
580 1865 699 1948 μικρὸν
722 1865 864 1951 ὕστερον
888 1864 952 1951 ἐρῶ
977 1865 1048 1948 διη-
1064 1886 1088 1926 ιε

36 1967 218 2051 γησάμενος
236 1979 380 2052 πρῶτον,
400 1969 437 2034 ἐν
457 1969 542 2045 οἵαις
559 1969 690 2053 ἡπόλις
704 1967 746 2054 ην
761 1974 834 2036 τότε
848 1981 1046 2055 συμφοραῖς.

89 2073 216 2140 XXVI.
248 2077 346 2140 Μετὰ
372 2078 436 2160 γὰρ
458 2077 521 2160 τὴν
544 2077 653 2161 μάχην
676 2076 808 2161 ἐκείνην
832 2077 849 2142 ὁ
874 2075 935 2162 μὲν
964 2081 1048 2161 Τυρ-

35 2191 139 2262 ρηνῶν
164 2185 325 2264 βασιλεὺς
349 2181 385 2248 ἐν
407 2190 453 2270 τῷ
477 2186 622 2266 πλησίον
639 2186 710 2268 όρει
727 2183 1047 2267 καταστρατοπεδευ-

31 2286 187 2372 σάμενος,
223 2290 307 2354 ὅθεν
339 2291 400 2373 την
422 2284 593 2375 Ῥωμαίων
625 2291 782 2377 φρουράν
811 2287 958 2373 ἐξέβαλε,
990 2297 1048 2372 τῆς

32 2390 179 2461 ἐπέκεινα
203 2403 266 2461 τοῦ
283 2393 437 2482 Τεβέριος
460 2406 610 2482 ποταμοῦ
633 2398 742 2482 χώρας
765 2397 893 2481 ἁπάσης
911 2394 1047 2480 ἐκράτει.
1062 2417 1088 2456 το

30 2501 57 2562 ολ
76 2499 114 2566 δὲ
144 2504 343 2588 Ταρκυνίου
365 2504 480 2580 παῖδες
503 2501 558 2568 καί
582 2503 599 2568 ὁ
622 2504 784 2587 κηδεστὴς
807 2503 911 2569 αὐτοῦ
934 2505 1048 2587 Μαμί-

29 2609 91 2684 λιος
120 2611 276 2694 σχεδίαις
293 2632 337 2674 τε
364 2607 420 2706 καὶι
448 2611 591 2695 σκάφαις
616 2610 870 2693 διαβιβάσαντες
892 2611 950 2687 τὰς
973 2608 1048 2676 ἑαυ-

27 2725 84 2778 τῶν
115 2715 286 2801 δυνάμεις
314 2713 366 2781 ἐπὶ
390 2716 517 2803 θάτερα
540 2715 622 2803 με’ρη
646 2725 707 2782 τοῦ
730 2726 881 2801 ποταμοῦ
904 2718 944 2781 τδι
965 2718 1049 2803 πρὸς

28 2821 80 2904 τὴν
103 2818 244 2908 Ῥώμην
277 2821 425 2907 φέροντα
457 2823 493 2888 ἐν
523 2822 629 2912 ἐχυρῷ
662 2826 813 2890 τίθενται
845 2827 956 2912 χωρίφ
988 2825 1048 2889 τὸν

28 2928 168 3011 χάρακα·
206 2929 290 2994 ὅθεν
313 2929 501 3014 ὁρμώμενοι
519 2941 586 2996 τῶν
605 2954 639 2996 τε
653 2926 825 3016 Ῥωμαίων
844 2927 968 3015 ἐδῄουν
985 2931 1047 3013 την
1061 2947 1087 2988 2⁵

25 3043 81 3117 γῆν
105 3034 172 3102 καί
200 3035 301 3119 <τδις>
326 3037 429 3113 αὐλάς
451 3035 676 3103 κατέσκαπτον
698 3035 845 3114 καὶτοῖς
869 3035 922 3102 ἐπὶ
945 3037 1049 3121 νομάς

89 3188 307 3283 ’λε’πιτηδείωη
331 3193 385 3249 del.
409 3193 555 3286 Kiessling
596 3264 601 3284 ,
636 3193 794 3266 λπόρωσιν
817 3194 842 3246 Α
878 3192 1048 3263 πήρωσινΕ

25 3263 237 3404 λίόξιῖεῗεῗ
269 3266 376 3407 ῗῗῗῗιῗέἷ
393 3265 439 3389 δι
474 3266 749 3462 ῗιρδῖῗίἔὲῗιίιῗ
768 3267 925 3400 affl?
940 3264 1048 3392 δοιά

25 3423 67 3462 ιον
88 3407 114 3462 Ο
137 3423 217 3462 corr.
237 3406 381 3476 Kiessh'ng
463 3414 496 3462 14
531 3409 587 3474 {B
624 3403 699 3463 ἐνΑ
722 3426 775 3463 om.
795 3409 820 3460 R
903 3414 936 3462 16
952 3403 987 3462 ἐν
1007 3405 1048 3469 οἷς

25 3471 48 3544 ᾖν
67 3479 85 3548 ἡ
106 3477 204 3540 πόλις
221 3477 282 3534 τότε
302 3481 407 3541 δεινοῖς
426 3478 448 3533 0
467 3481 580 3548 praeter
597 3479 620 3531 B
693 3485 727 3533 26
745 3479 795 3540 τὰς
815 3479 879 3533 add.
899 3477 1003 3534 Reiske
