2384 3902
133 188 199 254 236
562 197 727 246 -E-

99 349 189 418 3καῖ
213 355 445 441 συγκαταγάγῃ
474 357 663 442 Ταρκύνιον
686 353 740 422 ἐπὶ
763 356 824 440 τὴν
848 354 962 441 ἀρχήν.
1004 353 1066 431 ἕως
1086 349 1134 419 οὖν

135 461 183 525 ἔτι
205 464 327 544 λόγους
351 459 407 526 καὶ
430 461 565 540 ἀπειλάς
584 457 681 546 εἶναι,
704 463 854 549 πονηρὸν
874 455 906 527 θ’
928 463 1029 547 ἔργον
1048 457 1134 545 μηθλν

135 566 199 632 ὑπὸ
227 576 289 633 τοῦ
318 568 427 652 δήμου
449 567 641 652 γεγονέναι,
665 567 797 653 φθάσαι
818 575 858 653 τῇ
882 570 1027 654 βοηθείᾳ
1049 568 1133 652 ταότη

133 675 195 739 τὸν
219 674 327 759 δῆμον
351 676 398 752 είς
420 676 461 740 τά
482 675 659 761 πράγματα
681 672 1030 761 προοικειωσαμένους
1049 670 1133 760 παρῄ-

106 803 197 863 ενει,
221 781 299 846 οὔτε
321 782 474 866 πρώτους
496 782 534 847 τὸ
556 784 740 866 πολίτευμα
763 783 861 847 τοῦτο
885 779 1134 864 καθισταμένους

134 887 212 953 οὔτε
250 889 415 972 αἰσχύνην
451 889 527 952 τινά
559 885 604 953 δι’
636 887 718 954 αὐτὸ
750 889 899 973 μεγάλην
931 888 1133 972 ὀφλήσοντας,

134 993 217 1059 ἀλλά
241 996 387 1071 πολλοὺς
410 997 546 1080 ἔχοντας
568 993 728 1074 ἐπιδεῖξαι
750 992 806 1059 καὶ
828 1003 928 1060 τοῦτο
952 993 1133 1079 ὑπομείναν-

134 1123 192 1178 τας
214 1099 270 1166 καλ
292 1102 377 1166 ἀλλα
400 1107 511 1189 πολλῷ
535 1103 658 1169 τούτου
681 1102 907 1187 χαλεπώτερα,
937 1102 1021 1166 όταν
1043 1097 1133 1185 μηθὲν

135 1205 189 1292 ἐξῇ
213 1207 370 1293 πράττειν
394 1207 522 1295 ἕτερον·
555 1210 612 1285 τάς
630 1210 694 1294 γάρ
713 1207 860 1292 ἀνάγκας
876 1211 1048 1293 κρείττους
1064 1201 1133 1271 εἶναι

96 1337 122 1382 ω
135 1321 194 1396 τῆς
217 1313 436 1401 ἀνθρωπίνης
459 1315 602 1398 φύσεως,
625 1312 742 1380 καὶτὸ
766 1311 925 1399 εὐπρεπὲς
942 1316 1018 1380 τότε
1036 1311 1133 1391 ἀξιοῦν

133 1421 280 1498 ἅπαντας
302 1431 449 1504 σκοπεῖν,
474 1421 555 1486 ὅταν
578 1423 698 1507 ἔχωσιν
721 1421 785 1506 ἤδη
809 1422 847 1486 τὸ
870 1418 1026 1504 ἀσφαλές.

200 1525 299 1592 LXV.
328 1521 654 1613 Ἐξαριθμησάμενος
681 1523 719 1592 δὲ
746 1528 853 1592 πολλὰ
879 1524 935 1592 καὶ
959 1525 995 1592 ἐκ
1017 1530 1132 1591 πολλῶν

134 1632 383 1718 παραδείγματα
406 1636 536 1698 πόλεων
558 1635 751 1700 τελευταίαν
772 1631 952 1719 παρέσχετο
971 1633 1033 1716 τὴν
1051 1628 1131 1714 Ἀθη-

135 1740 242 1803 ναίωυ
264 1741 364 1804 πόλιν
387 1742 545 1823 μεγίστου
568 1742 641 1805 τότε
664 1723 897 1824 τυγχάνουσαν
916 1739 1073 1824 ὀνόματος
1089 1737 1172 1804 ε’πῖιτά

94 1867 120 1910 15
136 1847 250 1931 σοφίᾳ,
274 1845 316 1909 οὐ
339 1847 403 1932 πρὸ
426 1851 560 1912 πολλῶν
583 1849 728 1931 χρόνων,
753 1845 836 1912 ἀλλὰ
858 1847 941 1911 κατὰ
959 1848 1037 1922 τοὺς
1053 1844 1131 1910 πατέ-

134 1974 196 2036 ρας
224 1949 336 2016 αὐτῶν
364 1953 486 2037 άφεσιυ
513 1961 621 2036 χρεῶν
648 1950 887 2037 ψηφισαμένην
913 1961 986 2029 τοῖς
1014 1952 1131 2037 ἀπόροις

134 2061 294 2134 Σόλωνος
325 2056 621 2142 καθηγησαμένου,
654 2055 710 2123 καὶ
742 2056 869 2124 οὐθένα
901 2066 941 2144 τῇ
969 2062 1060 2124 πόλει
1081 2067 1130 2123 τοῦ

133 2165 371 2249 πολιτεύματος
393 2165 515 2230 τούτου
538 2163 691 2250 ἐπιτιμᾶν
709 2161 789 2230 οὐδὲ
806 2167 867 2230 τὸν
885 2165 1130 2250 εἰσηγησάμενον

134 2271 215 2337 αὐτὸ
235 2272 429 2355 δημοκόπον
447 2269 502 2336 καῖ
520 2274 671 2359 πονηρὸν
689 2273 881 2356 ἀποκαλεῖν,
905 2273 991 2339 ἀλλὰ
1007 2269 1130 2345 καὶτοῖς

94 2401 121 2442 εο
134 2383 302 2443 πεισθεῖσι
333 2378 462 2461 πολλὴν
489 2382 656 2464 φρόνησιν
689 2380 835 2456 ἅπαντας
866 2390 1059 2466 μαρτυρεῖν,
1086 2374 1129 2442 καὶ

98 2491 178 2570 2τῷ
209 2485 360 2548 πείσαντι
389 2484 536 2568 μεγάλην
565 2487 698 2570 σοφίαν.
740 2481 911 2570 Ῥωμαίοις
942 2483 996 2569 θ’,
1028 2477 1073 2562 οἷς
1097 2481 1129 2547 οὐ

134 2586 209 2673 περὶ
232 2599 360 2675 μικρῶν
383 2591 442 2656 τὸν
465 2592 627 2657 κίνδυνον
650 2587 737 2658 εἶναι
760 2593 946 2677 διαφορῶν,
971 2587 1042 2658 ἀλλ’
1061 2586 1127 2670 ὑπὲρ

133 2702 193 2760 τοῦ
221 2696 265 2779 μὴ
293 2697 528 2782 παραδοθῆναι
555 2699 655 2764 πάλιν
684 2699 762 2787 ὠμῷ
790 2697 846 2765 καὶ
873 2701 998 2776 παντὸς
1022 2700 1126 2784 χείρονι

133 2803 259 2888 θηρίου
286 2803 456 2892 τυράννῳ,
484 2807 534 2882 τίς
558 2815 626 2871 τῶν
648 2813 734 2871 νοῦν
757 2804 903 2890 ἐχόντων
927 2805 1126 2890 ἐπιτιμήσεων

92 2931 119 2974 τι
133 2911 185 2992 ἀν,
210 2908 313 2994 <ἐάν>
336 2918 375 2994 τῇ
399 2907 639 3000 φιλανθρωπία
662 2913 764 2998 ταύτῃ
786 2912 980 2997 συμμάχους
998 2909 1067 2977 ἀντὶ
1082 2929 1125 2973 πο-

205 3109 220 3156 3
240 3101 356 3190 γέγονεν
376 3099 487 3172 ἔφθασε
506 3103 553 3156 Ba
608 3109 625 3158 4
644 3106 734 3192 δῆμον
754 3103 794 3167 εἰς
811 3104 847 3158 τὰ
865 3102 1017 3176 πράγματα
1034 3118 1125 3190 πρροοι-

133 3172 410 3295 όέλίἒῖμενᾞςιῗα
426 3172 774 3310 ἷλλωεώεέωὲἕέῗνίς
796 3175 1125 3302 ἷιῗὲοὲίῗῗέόεωῖἓ

135 3307 217 3360 τοόθε
236 3309 262 3359 Α
296 3307 356 3364 τότε
373 3310 421 3364 Ba
457 3286 518 3367 τότε
537 3313 583 3367 Bb
620 3265 720 3369 τοάτάυ
739 3315 877 3372 Bl'icheler
910 3267 976 3372 ρῙάῖ
996 3311 1125 3386 θημότικὸτ

135 3375 159 3425 Β
175 3379 291 3454 [καλεῖν
310 3378 341 3457 Ο.
351 3383 464 3446 praeter
481 3383 505 3435 Β
586 3391 620 3438 21
640 3383 682 3448 οἷς
700 3402 753 3442 οω.
772 3387 795 3440 Β
877 3393 912 3442 25
932 3383 985 3442 ἐὰν
1003 3381 1124 3441 add.Si11·

137 3445 211 3494 tems
229 3443 289 3498 Em
307 3445 389 3502 Dlon.
408 3450 483 3504 112³
