2400 3912
70 226 92 290 ι
499 227 664 276 -Δ-

70 386 146 474 περὶ
169 383 211 454 οὗ
233 389 349 475 καιρὸς
370 388 435 471 ἤδη
457 384 577 470 λέγειν,
601 385 622 451 ά
641 379 712 451 κατ’
734 385 836 472 άρχδς
853 388 1089 470 παρελίπομεν,

71 494 104 574 ἐξ
137 489 185 559 ὧν
213 517 248 560 τε
278 491 407 579 γονέων
435 495 501 578 έφυ
529 491 585 558 καὶ
612 495 706 569 τίνας
734 490 926 570 ἀπεδείξατο
954 491 1090 578 πράξεις

73 602 206 686 ἰδιώτης
225 601 274 666 ῶν
293 603 340 666 ἔτι
358 599 414 666 καὶ
433 598 514 686 πρὶν
531 597 584 665 ἐπὶ
602 600 665 684 την
680 601 881 665 δυναστείαν
894 604 1088 685 παρελθεῖν.

39 710 111 778 2τά
134 704 196 794 μέν
219 703 282 774 οὖν
305 705 380 795 περὶ
403 715 465 772 τοῦ
487 705 608 790 γένους
630 705 735 771 αὐτοῦ
758 708 931 790 λεγόμενα,
954 697 1005 782 οἷς
1027 705 1089 790 μά-

44 810 154 881 ελιστ’
180 817 283 899 ἔγωγε
308 816 603 898 συγκατατίθεμαι,
625 809 752 879 τοιαῦτ’
774 812 874 878 ἐστίν.
908 812 945 878 έν
963 815 1088 897 Κορνι-

69 925 157 1009 κόλῳ
181 924 275 986 πόλει
293 929 355 986 τοῦ
368 922 527 985 Λατίνων
545 921 671 996 ἔθνους
689 919 774 1005 άνηρ
792 941 843 996 τις
861 917 897 984 ἐκ
914 926 975 983 τοῦ
993 921 1088 1000 βασι-

70 1031 163 1094 λείου
193 1026 314 1111 γένους
344 1027 487 1103 Τύλλιος
514 1028 621 1110 ὄνομα
647 1024 781 1109 γυναικὶ
809 1034 918 1110 συνῆν
942 1023 1088 1111 Ὀκρισίᾳ

70 1136 228 1220 καλλίστῃ
259 1155 300 1214 τε
336 1131 391 1198 καὶ
428 1132 687 1219 σωφρονεστάτῃ
719 1142 788 1197 τῶν
821 1132 858 1198 ἐν
889 1133 1086 1218 Κορνικόλῳ

69 1251 251 1323 γυναικῶν.
289 1239 389 1316 αὐτὸς
411 1237 473 1324 μέν
496 1233 560 1304 οὖν
579 1238 597 1304 ὁ
615 1240 771 1322 Τύλλιος,
796 1233 851 1303 ὅθ’
868 1237 888 1321 ἡ
907 1240 1003 1314 πόλις
1020 1236 1086 1302 ὑπὸ

29 1370 55 1410 ιο
63 1342 234 1431 Ῥωμαίων
256 1345 536 1430 κατελαμβάνετο,
560 1347 747 1429 μαχόμενος
770 1344 992 1427 ἀποθνήσκει,
1020 1343 1144 1426 την635

71 1452 102 1518 δ’
126 1451 294 1539 Ὀκρισίαν
317 1451 486 1536 ἐγκύμονα
510 1446 616 1516 οὖσαν
640 1452 808 1536 ἐξαίρετον
831 1450 957 1516 ἐκτῶν
980 1450 1086 1535 λαφύ-

70 1583 140 1645 ρων
168 1559 330 1644 λαμβάνει
357 1558 543 1643 Ταρκύνιος
570 1557 588 1623 ό
618 1559 774 1641 βασιλεὺς
800 1555 855 1622 καὶ
879 1559 999 1622 δίδωσι
1023 1557 1086 1622 δω-

70 1667 150 1751 ρεὰν
172 1673 212 1749 τῇ
236 1663 357 1730 ἑαυτοῦ
379 1667 524 1747 γυναικί.
562 1670 720 1749 μαθοῦσα
738 1662 770 1729 δ’
792 1663 901 1747 ἐκείνη
920 1665 1028 1729 πάντα
1045 1665 1086 1728 τὰ

68 1769 144 1857 περὶ
166 1771 230 1854 την
253 1771 438 1856 άνθρωπον
462 1769 503 1836 ού
526 1774 662 1848 πολλοῖς
682 1773 817 1857 χρόνοις
834 1771 977 1857 ύστερον
995 1769 1086 1835 ἐλευ-

29 1894 55 1936 ω
68 1876 177 1963 θέρον
213 1876 319 1960 αὐτὴν
356 1875 476 1961 ἀφίησι
507 1874 563 1942 καὶ
594 1886 710 1942 πασῶν
742 1877 884 1962 μάλιστα
915 1887 1087 1960 γυναικῶν

39 1982 278 2068 3άσπαζομένη
302 2006 337 2048 τε
354 1981 411 2047 καὶ
428 1991 556 2067 τιμῶσα
575 1982 768 2049 διετέλεσεν.
805 1984 841 2050 ἐκ
858 1985 980 2068 ταύτης
997 1987 1087 2068 γίνε-

68 2112 123 2153 ται
144 2097 202 2172 τῆς
221 2087 385 2175 Ὀκρισίας
409 2091 456 2154 ἔτι
483 2090 709 2174 δουλευούσης
731 2091 883 2182 παιδίον,
907 2082 933 2178 ᾧ
956 2094 1086 2156 τίθεται

48 2195 228 2281 τραφέντι
259 2194 279 2280 η
313 2197 420 2282 μήτηρ
453 2197 491 2262 τὸ
524 2192 586 2282 μέν
618 2197 708 2261 ἴδιόν
739 2219 774 2262 τε
803 2195 859 2263 καὶ
886 2197 1086 2280 συγγενικὸν
1198 2211 1199 2216 ’

68 2304 175 2387 όνομα
211 2303 357 2368 Τύλλιον
390 2299 443 2368 ἐπὶ
474 2311 536 2367 τοῦ
567 2303 705 2388 πατρός,
741 2304 779 2368 τὸ
814 2299 851 2368 δὲ
882 2304 998 2369 κοινὸν
1030 2300 1085 2368 καὶ

30 2446 57 2487 20
70 2409 319 2495 προσηγορικὸν
338 2409 506 2494 Σερούιον
529 2406 583 2474 ἐπὶ
605 2417 663 2492 τῆς
686 2409 774 2486 ίδίας
795 2410 911 2494 τύχης,
934 2409 985 2474 ὅτι
1006 2410 1085 2474 δου-

68 2516 214 2580 λεύουσα
238 2517 347 2579 ἔτεκεν
370 2513 484 2580 αὐτόν.
529 2520 579 2597 εἴη
604 2511 636 2579 δ’
658 2513 700 2579 δν
724 2514 742 2580 ὁ
766 2515 930 2601 Σερούιος
954 2516 1001 2591 είς
1022 2515 1085 2598 την
1197 2581 1198 2600 χ

63 2615 262 2704 Ἑλληνικὴν
285 2619 458 2685 διάλεκτον
481 2623 779 2706 μεταβιβαζόμενος
802 2621 958 2696 Δούλιος.

135 2725 178 2792 ΙΙ.
211 2724 352 2813 Φέρεται
378 2725 418 2791 δέ
438 2749 488 2803 τις
511 2724 548 2791 ἐν
569 2737 642 2803 ταῖς
664 2726 853 2812 ἐπιχωρίοις
875 2725 1084 2810 ἀναγραφαῖς

68 2830 167 2916 <καὶ>
194 2831 306 2918 ἔτερος
332 2827 416 2917 ὑπὲρ
444 2840 502 2915 τῆς
528 2829 690 2915 γενέσεως
717 2832 821 2898 αὐτοῦ
848 2835 947 2916 λόγος
971 2830 1024 2898 ἐπὶ
1046 2833 1084 2897 τὸ

27 2977 54 3018 25
68 2939 225 3024 μυθῶδες
252 2936 393 3023 ἐξαίρων
421 2939 461 3002 τά
483 2936 559 3023 περὶ
583 2939 701 3023 αὐτόν,
729 2939 770 3006 δν
793 2939 830 3005 ἐν
853 2936 1086 3017 πολλαῑςῗΡω-

139 3130 343 3196 λύπεδείξατο
357 3128 434 3183 ABa
470 3126 633 3198 ἐπεδείξατο
647 3131 696 3185 Bb
746 3131 902 3203 4μάλιστα
915 3135 1006 3189 om.B
1050 3141 1084 3188 11

67 3201 204 3272 λαφύρων
217 3197 372 3282 Ιἐξαίρετον
391 3199 529 3324 λαμβάνει
547 3205 572 3256 Α
655 3208 688 3256 16
708 3204 825 3328 άφίητιχ
842 3207 909 3274 post
927 3225 938 3258 ι
956 3203 1086 3257 litteram

67 3289 179 3326 erasum
197 3271 309 3326 udatur
324 3288 385 3326 εεεε
399 3289 430 3325 1n
486 3268 728 3342 νέφελκοστικόν,
749 3291 803 3342 quo
839 3291 903 3329 oum
918 3273 1085 3343 saepissime

67 3342 104 3396 sit
122 3342 230 3395 factum
248 3343 368 3410 posthae
385 3360 443 3397 non
456 3343 562 3398 notabo
617 3351 650 3399 16
669 3364 698 3399 τε
714 3346 805 3400 om.B
856 3352 890 3401 24
910 3348 976 3399 ante
991 3341 1086 3416 ἕτερος

14 3440 16 3443 -
66 3412 207 3535 ιέρρὴέρῶ.
231 3428 311 3466 erasa
339 3413 427 3468 estB
462 3419 466 3484 Ι
501 3414 550 3469 καλ
573 3415 637 3468 εδδ.
661 3415 806 3485 Kiessling
896 3423 930 3472 25
954 3414 1000 3488 ὃν]
1024 3413 1083 3470 ao.
1194 3433 1195 3454 ι

91 3501 110 3535 u
175 3498 206 3535 er
