2400 3912
143 213 206 276 172
570 215 734 266 -Ε-

140 374 203 458 την
225 376 324 440 πόλιν
349 373 506 440 ἀπόντων
529 373 585 440 καὶ
608 374 665 439 διά
687 381 764 458 μιᾶς
785 373 936 458 γεφύρας
954 370 1149 457 βιαζομένων

142 479 281 567 ἀθρόων
300 480 386 566 όρμη
404 481 532 564 γίνεται
550 491 618 546 τῶν
631 483 800 565 πολεμίων
815 476 866 546 ἐπ’
883 480 1005 557 αὐτοὺς
1019 479 1148 564 μεγάλη·

141 586 259 672 όληιου
285 609 321 652 τε
349 587 439 652 πάνυ
461 585 483 670 ἡ
506 590 603 664 πόλις
625 585 763 670 ἐδέησεν
786 586 913 652 ἁλῶναι
934 587 1017 652 κατὰ
1038 586 1149 670 κρότος

142 693 324 778 ἀτείχιστος
350 689 435 759 οὖσα
458 693 585 760 ἐκτῶν
607 694 697 779 παρὰ
719 694 779 759 τὸν
802 693 953 777 ποταμὸν
976 703 1100 778 μερῶν,
1125 694 1151 756 ελ

106 823 119 863 τ
142 799 380 868 συνεισέπεσον
407 803 455 878 εἰς
482 800 588 884 αὐτην
617 801 684 885 ἅμα
710 810 785 878 τοῖς
808 799 995 884 φεύγουσιν
1023 799 1057 864 ολ
1082 799 1184 864 διώκει

141 931 265 985 κοντες.
302 907 338 973 os
359 903 396 974 δέ
416 909 478 992 τὴν
497 907 604 994 ὁρμὴν
623 916 690 973 τῶν
709 908 879 992 πολεμίων
897 905 1088 991 ἐπισχόντες
1103 904 1151 971 καλ

143 1013 368 1089 διασώσαντες
388 1013 471 1096 ὅλην
489 1013 551 1097 τὴν
570 1015 729 1098 στρατιὰν
747 1022 836 1097 τρελς
853 1012 975 1098 ἀνδρες
992 1011 1151 1097 ἐγένοντο,

142 1121 292 1201 Σπόριος
314 1115 375 1203 μέν
394 1119 541 1206 Λάρκιος
563 1118 619 1185 καὶ
641 1124 738 1197 Τλτος
756 1115 925 1206 Ἑρμίνιος
943 1120 980 1185 ολ
994 1121 1033 1185 τὸ
1051 1119 1152 1198 δεξιὸν

143 1227 275 1310 ἔχοντες
296 1225 395 1313 κέρας
417 1225 454 1292 έκ
476 1236 543 1292 τῶν
566 1224 818 1313 πρεσβυτέρων,
842 1227 994 1303 Πόπλιος
1018 1223 1048 1291 δ’
1071 1222 1152 1312 ’0ρά-

109 1357 134 1397 10
143 1355 214 1412 τιος
237 1332 254 1399 ό
278 1333 483 1418 καλούμενος
501 1336 634 1419 Κόκλης
657 1333 693 1400 ἐκ
711 1343 773 1400 τοῦ
790 1335 873 1399 κατά
890 1334 953 1418 την
972 1335 1053 1412 όψιν
1072 1331 1152 1398 έλατ-

143 1441 293 1524 τύματος
322 1437 471 1518 ἐκκοπεὶς
503 1438 540 1506 ἐν
572 1439 659 1526 μάχη
687 1441 748 1506 τὸν
776 1438 890 1526 ἕτερον
918 1439 1100 1524 ὀφθαλμὸν
1124 1439 1153 1505 ἐκ

144 1558 211 1613 τῶν
241 1543 429 1631 νεωτέρων,
461 1549 597 1632 μορφήν
624 1570 659 1612 τε
687 1547 862 1624 κάλλιστος
888 1545 1083 1631 ἀνθρώπων
1108 1545 1153 1611 καλ

109 1653 256 1738 3ψυχην
289 1655 431 1740 ἀριστος.
478 1649 576 1731 οὗτος
608 1653 813 1737 ἀδελφιδοῦς
844 1650 906 1738 μέν
938 1649 983 1738 ἦν
1000 1648 1154 1737 ’Ὁρατίου

144 1759 290 1844 Μάρκου
316 1757 560 1844 θατέρουτῶν
586 1760 738 1842 ὑπάτων,
770 1761 808 1824 τὸ
837 1756 875 1824 δὲ
901 1758 1007 1858 γένοςο
1023 1769 1154 1844 κατῆγεν
1192 1761 1193 1772 ’

110 1861 204 1949 κάφ’
232 1862 307 1942 ἑνὸς
335 1876 402 1931 τῶν
431 1866 604 1952 τριδύμων
627 1862 781 1952 Ὁρατίου
806 1866 953 1952 Μάρκου
982 1877 1044 1932 τοῦ
1074 1869 1155 1950 νικη-

146 1986 267 2048 σαντος
293 1973 373 2048 τοὺς
392 1970 574 2058 Ἀλβανοὺς
601 1975 799 2060 τριδύμους,
830 1974 884 2038 ὅτε
911 1971 987 2060 περὶ
1010 1982 1070 2057 τῆς
1091 1974 1155 2057 ηγε

146 2079 264 2161 μονίας
292 2078 330 2142 αλ
353 2081 467 2156 πόλεις
494 2082 541 2157 εἰς
568 2083 714 2166 πόλεμον
730 2089 945 2146 Ικαταστάσαι
973 2080 1156 2164 συνέβησαν

147 2184 190 2268 μη
209 2185 331 2262 πόσαις
349 2185 633 2252 ἀποκινδυνεῦσαι
651 2197 723 2264 ταῖς
742 2187 937 2271 δυνάμεσιν,
957 2186 1042 2253 ἀλλά
1055 2185 1156 2274 τρισὶν

146 2290 309 2377 ἀνδράσιν
327 2286 387 2377 ἀφ’
405 2290 568 2379 ἑκατέρας,
593 2293 638 2370 ὡς
655 2292 693 2359 έν
710 2303 781 2371 τοῖς
798 2292 973 2380 προτέροις
992 2295 1156 2379 δεδήλωκα

110 2367 267 2493 ξολόγοις.
306 2393 401 2464 οὗτοι
425 2399 466 2482 δὴ
490 2401 588 2484 μόνοι
610 2400 693 2465 κατά
716 2400 826 2464 νώτου
849 2401 1009 2483 λαβόντες
1031 2400 1093 2484 την
1111 2397 1155 2483 γε’-

147 2527 261 2588 φυραν
295 2498 409 2590 εἶργον
441 2512 499 2588 τῆς
531 2506 715 2590 διαβασεως
746 2507 825 2583 τοὺς
856 2508 1038 2590 πολεμίους
1070 2504 1155 2591 μέχρι

146 2612 273 2675 πολλοῦ
305 2608 361 2676 καὶ
393 2607 548 2695 διέμενον
575 2610 629 2677 ἐπὶ
651 2621 713 2698 ,τῆς
742 2613 843 2697 αὐτῆς
870 2613 1018 2690 στάσεως
1047 2615 1156 2698 βαλλό

148 2716 247 2797 μενοί
264 2708 301 2779 θ’
318 2715 383 2782 ὑπὸ
401 2721 535 2783 πολλῶν
553 2719 781 2795 παντοδαποῖς
798 2717 909 2803 βέλεσι
926 2717 984 2784 καλ
1003 2719 1040 2786 έκ
1057 2720 1157 2804 χειρὸς

147 2823 322 2905 παιόμενοι
349 2833 419 2900 τοῖς
447 2821 594 2907 ξίφεσιν,
622 2823 684 2901 ἕως
706 2825 818 2890 ἅπασα
840 2824 861 2907 ἡ
885 2827 1024 2910 στρατιά
1047 2827 1156 2908 διῆλθε

111 2949 137 2990 ετ
146 2930 207 2994 τὸν
229 2932 387 3014 ποταμόν.

215 3034 354 3102 XXIIII.
379 3030 436 3113 Ὡς
459 3031 489 3100 δ’
512 3034 550 3102 έν
573 3034 718 3121 ἀσφαλεῖ
737 3039 816 3114 τοὺς
839 3034 1024 3123 σφετέρους
1047 2997 1188 3114 έδοξανθλλ

220 3191 341 3246 3πάλιν
359 3190 412 3244 AB
449 3190 525 3246 πάνυ
545 3207 569 3247 ο.
585 3190 708 3261 Sylburg
761 3193 846 3248 4τδν
866 3193 973 3248 adm
1031 3200 1064 3248 10
1083 3193 1155 3258 όκλης
1186 3203 1187 3297 η

149 3259 174 3309 Α
211 3259 334 3340 δκληςσΒ
368 3329 374 3341 Ι
407 3267 439 3316 12
458 3261 618 3330 *μορφῇΟ
654 3262 768 3387 μορφάμ
787 3279 840 3331 ego
858 3268 862 3331 Ι
878 3264 1056 3336 ἀνθρώπων]
1075 3263 1155 3317 ἀπάν·

150 3345 206 3378 των
228 3344 251 3380 ο.
271 3328 416 3398 K1esshng
507 3337 540 3384 14
557 3331 588 3384 τὸ
613 3329 641 3385 δ’
658 3333 739 3401 εύγεν
757 3333 812 3397 cO
848 3334 881 3389 τό
905 3332 937 3388 δὲ
961 3333 1044 3403 γένος
1061 3331 1154 3387 Reiske

188 3401 221 3446 21
241 3396 372 3472 ἀνεῖργον
395 3415 418 3454 c.
441 3397 585 3468 Kiessling
661 3407 695 3456 22
720 3402 826 3474 βάσεως
849 3404 871 3460 O
896 3404 1019 3468 στάσεως
1043 3402 1155 3459 Sintenis
1185 3454 1186 3478 η

153 3459 213 3512 Em.
231 3461 313 3517 D1on.
332 3466 358 3517 Π
374 3473 406 3520 18
478 3475 512 3522 23
531 3469 587 3523 ὑπὸ
605 3473 744 3541 πολεμίων
764 3490 786 3530 ο.
806 3473 952 3544 Kiessling
1185 3483 1186 3527 λ
