2400 3912
455 222 619 270 -Δ-
1010 214 1051 279 71

50 384 104 448 νὸν
129 378 243 463 ἐπέστη
271 378 327 446 καὶ
354 381 438 466 πρὸς
460 380 522 464 τὴν
546 377 728 446 δέσποιναν
751 377 924 463 ἀπέβλεψε.
970 400 1053 444 πυν-

49 484 226 571 θανομένης
254 481 287 552 δ’
309 485 452 571 ἐκείνης,
480 488 516 551 τί
537 486 659 552 παθὼν
684 485 745 551 ούκ
767 486 841 569 ἄγει
863 487 901 551 τὸ
925 489 1053 568 ζεῦγος·

50 594 111 678 θύη
133 593 226 681 ὁρᾷς,
255 589 363 678 εἶπεν,
389 588 415 658 ὦ
443 594 584 674 Τυλλιά,
612 593 673 657 τὸν
695 589 821 678 πατέρα
845 608 908 659 σου
931 593 1053 678 νεκρὸν

50 703 190 785 κείμενον
221 698 278 765 καὶ
309 700 461 786 πάροδον
489 698 552 764 οάιι
579 694 686 765 οὖσαν
713 700 834 783 ἀλλην,
867 700 899 765 εί
924 699 969 782 μὴ
998 698 1054 764 διδι

49 816 100 872 τοῦ
123 807 312 891 πτώματος;
345 805 367 889 ἡ
395 800 427 870 δ’
452 805 713 890 ἐκπικρανθεῖσα
737 802 794 870 καὶ
817 804 881 869 ἀπὸ
904 814 971 870 τῶν
993 784 1089 898 sco-55

49 914 108 978 δῶν
133 914 170 979 τὸ
196 912 332 999 βάθρον
359 911 536 998 ἁρπάσασα
563 911 677 996 βάλλει
704 913 764 978 τὸν
793 910 976 999 ὀρεοκόμον
998 913 1057 975 καί

48 1035 153 1102 φησιν·
201 1019 274 1085 Ούκ
305 1017 409 1101 ἀξεις,
447 1015 611 1104 ἀλιτήριε,
646 1016 703 1084 καὶ
736 1018 792 1084 διὰ
823 1026 884 1084 τοῦ
915 1025 1053 1103 νεκρούς

46 1124 185 1203 κάκεῖνος
214 1124 268 1192 ἐπὶ
295 1133 341 1214 τῷ
369 1124 473 1192 πάθει
501 1128 628 1210 μᾶλλον
656 1124 677 1210 ἢ
702 1133 742 1209 τῇ
764 1129 874 1210 πληγῇ
898 1123 1056 1203 στενάξας

46 1232 109 1314 ἀγει
132 1234 190 1318 βίᾳ
218 1232 277 1308 τάς
303 1231 467 1317 ἡμιόνους
493 1233 575 1298 κατά
602 1240 664 1298 τοῦ
686 1232 868 1316 πτώματος.
914 1227 1055 1309 οὗτοςδ

46 1339 204 1415 στενωπὸς
230 1340 345 1425 ὄρβιος
366 1338 574 1424 καλούμενος
595 1338 759 1424 πρότερον
782 1337 815 1417 ἐξ
839 1336 971 1405 ἐκείνου
993 1345 1054 1403 τοῦ
1069 1373 1095 1412 10

47 1445 150 1532 δεινοῦ
168 1443 227 1510 καὶ
246 1453 400 1528 μυσαροῦ
417 1444 551 1522 πάθους
565 1443 686 1528 ἀσεβὴς
704 1442 770 1508 ὑπὸ
783 1439 955 1529 Ῥωμαίων
972 1446 1055 1509 κατά

46 1552 98 1633 τὴν
118 1550 262 1637 πάτριον
283 1555 435 1634 γλῶτταν
458 1555 613 1617 καλεῖται.

16 1669 45 1717 ιιι
102 1657 235 1723 XXXX.
263 1657 428 1741 Τοιαύτης
449 1662 603 1740 τελευτῆς
626 1658 720 1742 ἔτυχε
742 1657 884 1733 Τύλλιος
906 1658 962 1741 ἔτη
986 1678 1055 1722 τετ-

46 1764 222 1849 ταράκοντα
236 1763 313 1846 (καὶ
326 1761 487 1850 τέτταρα>
502 1763 564 1846 την
579 1765 753 1847 βασιλείαν
771 1763 956 1848 κατασχών.
979 1770 1056 1828 τού-

46 1892 96 1936 τον
125 1872 201 1936 τὸν·
219 1871 330 1956 ἀνδρα
362 1868 499 1952 λέγουσι
520 1864 675 1954 Ῥωμαῖοι
707 1880 840 1956 πρῶτον
867 1871 908 1935 τά
934 1870 1056 1955 πάτριοι
1071 1905 1096 1945 15

46 1979 99 2061 ἔθη
120 1977 176 2044 καὶ
198 1979 326 2063 νόμιμα
349 1985 494 2061 κινῆσαι,
517 1975 580 2059 τὴν
603 1975 709 2062 ἀρχὴν
731 1979 878 2061 λαβόντα
901 1976 943 2042 ού
966 1977 1056 2062 παρά

45 2093 94 2168 τῆς
123 2088 251 2169 βουλῆς
281 2082 338 2150 καὶ
369 2091 430 2150 τοῦ
462 2085 586 2169 δήμου,
618 2083 770 2166 καθάπερ
798 2084 835 2149 οί
859 2086 923 2172 πρὸ
952 2083 1056 2150 αὐτοῦ

44 2193 170 2275 πάντες,
204 2192 290 2257 ἀλλά
317 2192 407 2276 παρὰ
434 2192 542 2274 μόνον
568 2198 630 2255 τοῦ
658 2191 783 2275 δήμου,
812 2192 991 2275 δεκασμοῖς
1019 2185 1056 2254 δὲ

45 2296 104 2377 [καὶ
135 2297 372 2383 δωροδοκίαις]
400 2293 456 2362 καί
482 2297 598 2373 ἀλλαις
625 2301 765 2374 πολλαῖς
791 2298 977 2372 κολακείαις
1005 2294 1056 2360 ἐκ·

44 2406 294 2491 θεραπεύσαντα
316 2404 395 2479 τοὺς
418 2401 579 2488 ἀπόρους·
611 2401 667 2468 καλ
689 2405 757 2487 ἔχει
778 2398 922 2485 τάληθὲς
940 2400 1055 2477 οὕτως.
1070 2437 1097 2476 20

44 2511 76 2575 ἐν
104 2514 168 2597 γάρ
196 2519 270 2587 τοῖς
296 2510 461 2596 πρότερον
488 2501 639 2595 χρόνόις,
671 2507 769 2574 ὁπότε
798 2508 954 2591 βασιλεὺς
977 2505 1092 2591 ἀπο-2

44 2618 147 2702 θάνοι,
171 2617 238 2701 τὴν
260 2613 322 2701 μὲν
345 2613 502 2693 ἐξουσίαν
525 2615 543 2681 δ
567 2616 671 2700 δῆμος
690 2614 806 2680 ἐδίδου
823 2621 869 2702 τῷ
889 2615 1056 2702 συνεδρίῳ

44 2733 94 2807 τῆς
115 2727 254 2808 βουλῆς,
277 2722 354 2787 οἵαν
377 2718 553 2808 προέλοιτο
575 2722 848 2804 καταστήσασθαι
870 2723 1056 2786 πολιτείαν·

44 2826 118 2910 ἡδὲ
141 2829 251 2913 βουλὴ
275 2830 507 2912 μεσοβασιλεῖς
530 2826 761 2892 ἀπεδείκνυεν·
793 2825 915 2892 ἐκεῖνοι
938 2823 976 2891 δὲ
998 2827 1056 2892 τὸν

45 2934 175 3019 ἀριστον
208 2936 332 3020 ἀνδρα,
363 2929 424 3000 εἴτ’·
445 2933 481 3000 έκ
509 2944 576 3000 τῶν
604 2931 808 3019 ἐπιχωρίων,
838 2930 909 3013 [εἴτ’
931 2932 966 2998 ἔκ
989 2942 1057 2998 τῶν
1071 2951 1097 3018 νε

44 3045 212 3126 πολιτῶν,]
238 3036 297 3106 εἴτ’
319 3039 445 3107 ἐκτῶν
468 3038 584 3123 ξένων,
608 3038 746 3123 βασιλέα
769 3029 986 3106 καθίστασαν,
1028 3039 1059 3102 εί

109 3269 236 3396 λέάλλην
253 3289 315 3332 ταις
328 3266 501 3393 ἷηιιύυοιςΒ
565 3268 671 3339 ύάπδ]
690 3267 745 3323 ύπδ
764 3266 904 3335 Teggep
924 3271 958 3321 35
1025 3273 1058 3321 14

46 3339 90 3393 και
81 3339 207 3410 ιέττταρ
209 3360 228 3395 α
247 3339 312 3394 add.
358 3339 450 3394 udson
514 3345 547 3393 18
567 3337 599 3394 δε
618 3339 641 3392 Β
660 3355 714 3394 om
733 3340 758 3392 A
776 3357 805 3392 τε
824 3335 968 3407 Kiessling
1024 3344 1057 3392 19

47 3410 90 3464 καὶ
107 3411 296 3502 δωροδοκίαις
314 3410 369 3468 del.
390 3410 480 3466 Cobet
499 3410 604 3480 Θόας)
607 3415 666 3465 ,86
717 3415 752 3465 26
770 3407 912 3482 πολιτ<ῶν
931 3355 1035 3534 elga>
1026 3428 1057 3464 111

47 3498 95 3538 τοι
104 3482 152 3537 Ba
190 3480 243 3537 εἴτ’
256 3477 288 3537 ἐκ
301 3490 357 3537 τῶν
371 3486 491 3538 πολιτῶν
502 3481 556 3535 del.
567 3427 713 3535 Reiskium
723 3482 802 3535 secut
802 3498 835 3536 us
789 3479 935 3536 tsohne
937 3481 1010 3551 l.lep
1022 3487 1056 3536 21
