2400 3912
139 211 182 276 70
565 215 731 266 «Δ-

137 376 260 458 ἔχουσα
291 379 416 457 μαθεῖν
449 365 523 440 οίόν
554 399 586 440 τι
613 378 753 460 λήψεται
782 376 823 440 τδ
849 375 1025 460 πράγματα
1051 371 1135 456 τέλος,

137 478 191 545 ἐπὶ
222 489 280 564 τῆς
311 480 440 564 άπηνης
472 480 677 567 καθεζομένη
710 491 822 568 παρῆν
854 483 901 559 εἰς
927 481 989 566 τὴν
1018 480 1135 566 ἀγοράν.

137 593 294 671 μαθοῦσα
323 584 359 654 δὲ
387 589 427 653 τά
453 590 617 672 γενόμενα
644 586 700 654 καὶ
722 590 783 654 τὸν
810 589 999 674 Ταρκύνιον
1023 585 1075 654 ἐπὶ
1093 595 1167 670 τῦςιοε

136 696 298 778 κρηπῖδος
334 693 458 762 ἑστῶτα
495 696 560 781 πρὸ
591 704 653 761 τοῦ
685 698 930 783 βουλευτηρίου
962 692 1137 779 θεασαμένη

109 799 277 883 εβασιλέα
305 796 336 865 τ’
368 802 472 867 αὐτὸν
498 801 669 885 ἠσπάσατο
697 803 811 888 πρώτη
840 802 966 888 μεγάλη
994 810 1034 887 τῇ
1058 809 1138 885 φωνῇ

126 895 191 971 ’καί
218 918 288 984 τοῖς
314 913 410 984 θεοῖς
434 907 549 986 εὔξατο
574 907 626 975 ἐπὶ
648 917 695 997 τῷ
720 907 927 995 συμφέροντι
949 917 1007 993 της
1028 910 1140 984 πόλεως

100 1018 194 1096 mg
217 1009 388 1099 Ῥωμαίων
416 1014 478 1098 την
508 1014 615 1101 ἀρχὴν
645 1015 749 1082 αὐτὸν
778 1025 962 1101 κατασχεῖν.
1009 1014 1141 1080 άσπασα-

138 1117 249 1202 μένων
273 1117 310 1186 δὲ
333 1118 389 1185 καί
410 1131 478 1186 τῶν
501 1123 613 1188 ἄλλων
636 1121 740 1189 αύτὸν
763 1123 808 1200 ὡς
831 1119 969 1206 βασιλέα
988 1133 1058 1187 τῶν
1077 1138 1142 1204 συγ-

135 1227 453 1293 κατασκευασάντων
482 1227 545 1312 τὴν
579 1228 685 1314 ἀρχὴν
717 1231 867 1312 λαβοῦσα
900 1231 1006 1312 μόνον
1038 1229 1142 1294 αὐτόν·

96 1352 123 1392 10
141 1334 188 1397 Τδι
205 1329 268 1417 μέν
286 1344 410 1419 πρῶτα,
430 1336 506 1419 ἔφη,
524 1333 710 1420 πέπρακταί
726 1351 791 1418 σοι,
819 1336 993 1420 Ταρκύνιε,
1017 1335 1143 1400 κατὰτὸ
1188 1325 1189 1329 “

136 1437 228 1506 δέον·
252 1442 394 1525 βεβαίως
417 1437 454 1506 δὲ
476 1440 540 1523 τὴν
558 1442 731 1524 βασιλείαν
749 1443 840 1526 ἔχειν
858 1443 1005 1508 Τυλλίου
1022 1443 1143 1524 περιόν-

134 1571 191 1625 τος
214 1548 277 1614 ούκ
300 1550 412 1614 ἔνεστί
431 1562 493 1612 σοι.
532 1546 805 1632 ἐκδημαγωγήσει
822 1549 886 1632 γάρ
907 1542 1008 1624 αὖθις
1027 1545 1083 1612 ἐπὶ
1102 1544 1145 1612 σοί

134 1655 195 1719 τὸν
232 1656 348 1739 όχλον,
385 1654 445 1720 έδν
476 1652 532 1718 καὶ
565 1654 756 1720 ὁποσονοῦν
787 1653 911 1739 ταύτης
941 1663 1000 1738 τῆς
1031 1651 1144 1738 ἡμέρας

135 1759 347 1846 περιγένηται
379 1763 517 1846 χρόνον·
555 1759 728 1826 ἐπίστασαι
757 1757 804 1844 δ’,
837 1761 883 1837 ὡς
910 1761 1035 1825 εύνουν
1067 1758 1146 1826 ἐστὶν

96 1885 122 1925 1⁵
137 1865 226 1954 αὐτῷ
244 1868 282 1931 τὸ
302 1867 482 1951 δημοτικὸν
501 1867 602 1932 δίκαν·
627 1865 710 1932 ἀλλά
727 1865 784 1932 καί
801 1865 883 1952 πρὶν
902 1868 949 1943 εἰς
967 1857 1029 1950 τὴν
1047 1869 1146 1932 οἰκίαν

137 1972 241 2038 αὐτὸν
265 1974 445 2055 εἰσελθεῖν,
472 1973 668 2050 ἀποστείλας
690 1974 769 2050 τοὺς
793 1971 1084 2057 διαχρησομένους
1106 1973 1148 2038 έ·

101 2080 253 2144 3ποδῦιν
275 2081 428 2162 ποίησον.
465 2078 565 2144 Ταῦτ’
589 2081 729 2145 εἰποῦσα
751 2077 808 2144 καὶ
830 2077 1037 2164 καθεζομένη
1057 2078 1148 2145 πάλιν

79 2264 84 2272 ⁴
137 2183 191 2251 ἐπὶ
213 2195 273 2270 τῆς
294 2185 422 2270 άπηνης
443 2183 562 2273 ᾤχετο·
590 2186 775 2271 Ταρκύνιος
799 2180 836 2250 δὲ
860 2181 916 2250 καὶ
933 2181 1026 2250 ταῦτ’
1045 2185 1151 2270 ὀρθῶς

138 2292 237 2371 δόξας
268 2295 330 2377 την
358 2291 586 2376 ἀνοσιωτάτην
613 2301 756 2375 γυναῖκα
783 2290 1010 2358 ὑποτίθεσθαι
1038 2291 1153 2376 πέμπει

97 2417 124 2459 20
137 2402 231 2477 τινάς
261 2411 330 2465 τῶν
360 2401 581 2484 θεραπόντων
613 2396 663 2464 ἐπ’
691 2397 794 2464 αὐτὸν
826 2401 963 2485 ἔχοντας
993 2397 1089 2483 ξίφη·
1124 2400 1155 2461 οἳ

137 2506 229 2591 τάχει
251 2509 363 2592 πολλῷ
387 2505 449 2588 την
471 2505 594 2590 μεταξὺ
618 2505 837 2582 διανύσαντες
856 2504 939 2570 ὁδὸν
957 2503 1058 2589 ἐγγὺς
1075 2506 1154 2570 ὄντα

137 2620 195 2695 τῆς
218 2613 324 2689 οἰκίας
347 2612 411 2695 ἤδη
430 2613 490 2677 τὸν
513 2613 658 2678 Τύλλιον
676 2614 918 2696 καταλαβόντες
935 2609 1153 2697 κατέσφαξαν.

138 2718 186 2780 ἔτι
210 2713 247 2781 δὲ
269 2726 481 2802 νεοσφαγοῦς
504 2715 705 2804 ἐρριμμένου
728 2726 789 2783 τοῦ
812 2717 965 2803 σώματος
986 2716 1042 2782 καὶ
1061 2719 1193 2783 σπαί-λελ

101 2824 257 2909 4ροντος
280 2824 301 2908 ἡ
324 2825 478 2911 θυγάτηρ
501 2833 621 2910 παρῆν.
669 2833 788 2890 στενοῦ
812 2820 842 2889 δ’
864 2827 961 2902 ὄντος
983 2824 1073 2892 πάνυ
1094 2832 1155 2889 τοῦ

97 2947 123 2990 ει
139 2939 322 3014 στενωποῦ,
348 2928 392 2995 δι’
412 2925 452 2995 οὗ
470 2931 533 3014 τὴν
551 2929 682 3014 ἀπήνην
701 2931 769 2995 έδει
789 2931 950 3014 διελθεῖν,
969 2931 1008 2996 αἰ
1023 2931 1157 3016 ἡμίονοι

137 3039 174 3102 τὸ
198 3048 314 3122 πτῶμα
336 3037 470 3101 ἰδοῦσαι
489 3037 769 3123 διεταράχθησαν,
793 3034 848 3102 καί
866 3036 886 3102 ὁ
904 3039 1158 3124 προηγούμενος

98 3143 100 3148 ’
139 3144 251 3209 αὐτῶν
276 3143 455 3231 ὀρεοκόμος
477 3143 600 3208 παθών
622 3167 654 3207 τι
677 3144 761 3229 πρὸς
783 3144 820 3207 τὸ
844 3151 903 3226 τῆς
926 3144 1035 3222 ὄψεως
1058 3142 1158 3208 έλεει·

208 3341 226 3387 4
244 3336 299 3404 πρὸ
318 3336 383 3391 αδδ.
401 3336 424 3389 Β
488 3341 504 3390 8
524 3336 560 3399 ὡς
578 3335 633 3391 del.
652 3335 776 3390 Reudler
793 3334 885 3391 Tiroo.
903 3335 965 3390 orit.
984 3353 1013 3406 p.
1032 3341 1066 3390 34
1124 3342 1159 3388 10

140 3401 195 3472 ἔφη
216 3404 251 3456 τὰ
271 3403 321 3471 μεν
340 3414 437 3474 πρῶτα
456 3402 477 3460 ὦ
499 3407 638 3474 Ταρκύνιε
659 3406 681 3460 Ο
700 3410 813 3475 praeter
831 3407 855 3459 B
928 3413 961 3461 15
980 3405 1031 3462 καὶ
1049 3405 1111 3461 αδδ.
1134 3405 1159 3457 Β

177 3477 209 3524 19
228 3472 394 3527 ὑποθέσθαι
412 3491 435 3528 ο.
454 3475 599 3544 Kiessling
670 3483 704 3531 23
724 3476 935 3550 οπ<αί>ροντος
953 3477 976 3530 Β
