2394 3912
441 208 602 258 -ς..

8 366 93 454 λ<όέ>
115 377 220 434 ταῦτα
248 379 320 444 τοῖς
353 367 626 451 ἀπολωλεκόσκν
649 361 718 450 ὧν)
746 367 969 452 κοινωνητέον
996 392 1030 435 τε

18 473 104 541 παισί
127 473 185 540 καὶ
209 485 282 552 τοῖς
305 472 342 539 ἐκ
363 473 494 539 τούτων
517 473 711 558 γενομένοις
728 478 919 539 καταλιπεῖν
938 475 1031 560 <ἀελ>

19 583 266 666 ἀγωνιούμεθα,
294 590 363 644 τῶν
390 588 456 645 νῦν
483 603 521 663 γε
544 579 765 664 ὑπαρχόντων
787 581 851 663 ἤδη
876 584 1031 666 στερησό-

18 696 98 773 μεθα
119 686 177 754 καὶ
201 686 345 763 ἑαυτοὺς
368 685 430 751 ὅσα
454 689 633 769 πολεμίους
655 687 836 770 βλάψομεν.
874 689 1065 756 Λατίνων3

19 793 51 860 ἀὲ
76 798 112 862 τὸ
136 795 266 862 εύνουν
291 791 526 869 ἐπαινέσαντες
548 792 838 877 ἀναθαρσύνωμεν
859 793 897 857 τὸ
921 793 1058 870 ὃεὸιὸςι

20 902 57 978 ὡς
79 901 139 967 ούκ
163 901 449 986 ἐγκαταλείψομεν
473 898 605 980 αύτούς,
630 897 692 975 ἕως
714 897 756 963 ἀν
774 899 811 963 τὸ
830 900 949 964 πιστὸν
967 924 1032 984 φυ-

19 1009 192 1092 λάσσωσιν,
219 1008 257 1074 ἐν
281 1004 398 1073 οὐδενὶ
422 1005 522 1093 δεινῷ
546 1003 748 1088 γενομένονς
769 1001 814 1070 δι’
830 1005 925 1090 ἡμᾶς,
949 1006 1032 1072 ἀλλὰ

20 1115 156 1200 δύναμιν
182 1115 305 1198 ἱκανὴν
329 1113 471 1197 ἀμύνειν
496 1111 610 1186 αὐτοῖς
632 1109 805 1196 πέμψομεν
828 1111 869 1176 ού
894 1112 949 1177 όιά
972 1138 1032 1197 μα-

20 1229 100 1305 κροῦ.
147 1221 274 1296 ταύτας
304 1219 450 1302 ἡγοῦμαι
476 1219 652 1301 κρατίστας
678 1239 712 1281 τε
740 1216 796 1281 καὶ
824 1218 1033 1297 δικαιοτάτας

20 1329 147 1391 ἔσεσθαι
177 1327 239 1404 τάς
266 1325 467 1409 ἀποκρίσεις.
514 1323 767 1406 ἀπαλλαγεισῶν
795 1320 832 1388 δὲ
860 1335 928 1389 τῶν
955 1348 1033 1410 πρε·
1047 1348 1073 1387 ιο

21 1435 132 1514 σβειών
166 1433 307 1517 πρώτην
340 1428 426 1516 φημὶ
458 1438 578 1514 χρῆναι
611 1430 739 1513 βουλὴν
765 1440 836 1506 τοῖς
862 1433 944 1496 κατὰ
971 1432 1033 1514 τὴν

21 1542 109 1604 πόλιν
138 1539 310 1624 θορύβοις
337 1537 423 1622 ἡμᾶς
451 1536 637 1602 ἀποδοῦναι
664 1533 719 1600 καὶ
746 1537 871 1620 ταύτην
899 1537 961 1602 οὐκ
986 1540 1033 1614 είς

21 1646 151 1730 μακράν,
178 1645 265 1710 ἀλλὰ
286 1653 327 1729 τῇ
351 1643 490 1728 ἐπιούσῃ
514 1640 629 1728 ἡμέρᾳ.

9 1767 21 1814 ο
79 1751 251 1817 XXXVII.
279 1751 412 1834 Ταύτην
431 1747 693 1833 ἀποφηναμένου
711 1750 773 1832 τὴν
791 1750 929 1834 γνώμην
943 1755 1033 1836 Λαρ-

21 1860 86 1923 κίον
108 1856 166 1924 καὶ
191 1857 328 1923 πάντων
352 1854 610 1937 ἐπαινεσάντων,
632 1857 706 1920 τότε
729 1852 791 1939 μὲν
810 1857 847 1920 αί
861 1860 1033 1943 πρεσβεῖαι
1048 1881 1074 1920 15

21 1967 178 2047 λαβοῦσαι
206 1964 265 2041 τὰς
293 1961 469 2048 εἰρημένας
494 1962 685 2045 ἀποκρίσεις
707 1961 957 2047 ἀπηλλάγησαν·
994 1973 1033 2049 τῇ

22 2067 48 2132 δ’
73 2069 144 2156 ἑξῆς
178 2069 288 2156 ἡμέρᾳ
318 2070 567 2152 συναγαγόντες
596 2068 658 2151 τὴν
690 2070 819 2152 βουλὴν
851 2071 887 2134 οί
913 2071 1034 2136 ύπατοι

22 2175 165 2261 περὶτῆς
184 2176 450 2260 ἐπανορθώσεως
468 2184 535 2238 τῶν
553 2179 733 2239 πολιτικῶν
751 2177 913 2259 θορύβων
931 2178 1034 2261 πρού-

22 2288 120 2348 θεσαν
152 2292 303 2348 σκοπεῖν.
347 2292 477 2365 πρῶτος
505 2275 568 2346 οὖν
595 2278 776 2365 ἐρωτηθεὶς
803 2281 941 2366 γνώμην
966 2286 1035 2349 Πό-

22 2393 107 2466 πλιος
125 2389 338 2475 Οὐεργίνιος,
363 2387 448 2471 ἀνὴρ
473 2387 660 2470 δημοτικός,
683 2387 745 2469 τὴν
769 2388 825 2453 διὰ
847 2387 952 2473 μέσου
975 2411 1035 2456 πο-
1049 2414 1075 2454 εο
1098 2395 1103 2419 ²

87 2553 100 2599 1
120 2545 211 2600 verba
230 2545 363 2613 corrupta
376 2542 407 2596 in
420 2542 501 2596 libris
518 2542 558 2597 sic
574 2545 697 2597 exstant:
717 2545 906 2615 κοινωνητέον
920 2567 949 2600 τε
964 2556 1034 2603 πᾶσι

23 2615 65 2667 καλ
82 2623 140 2680 τοῖς
161 2611 193 2671 ἐκ
212 2615 319 2670 τούτων
338 2612 502 2685 γενομένοις
520 2618 685 2669 καταλιπεῖν
700 2615 915 2688 ἀγωνιούμεθα·
935 2627 988 2674 νῦν
1003 2618 1035 2675 δέ

23 2686 201 2807 ύΒπαρχόντων
221 2683 416 2808 στερησόμεθα
434 2702 506 2753 eqs.;
529 2687 596 2777 posp
613 2687 816 2768 ἀγωνιούμεθα
834 2688 940 2759 legitur
958 2711 988 2746 τε
1006 2691 1037 2745 in

75 2759 151 2826 quod
172 2775 285 2812 erasum
304 2774 321 2810 a
367 2756 386 2809 b
406 2758 462 2825 est,
487 2773 539 2826 pro
557 2775 627 2811 πασι
646 2757 750 2813 Re1ske
769 2762 863 2828 παισί,
886 2778 938 2830 pro
956 2782 1037 2833 γενο-

24 2826 110 2953 λὲἴάξ
128 2826 1037 2974 {ssffssssfflffiff{3553}‘12233233331113{efssffffssudffiss}

25 2985 135 3035 quorum
155 2970 333 3025 coniecturas
351 2986 452 3038 parum
469 2969 632 3038 probabiles
652 2971 751 3027 afferre
769 2992 827 3029 non
840 2973 928 3044 iuvat,
947 2992 1038 3044 neque

24 3038 124 3109 Kayser
131 3041 205 3097 Ann.
215 3040 286 3110 phil.
294 3045 363 3097 1866
373 3045 441 3109 p.44
450 3056 542 3108 neque
549 3041 773 3100 MeutznorAnn.
783 3045 854 3114 phil.
863 3052 929 3101 1882
940 3064 966 3116 p.
976 3054 1037 3117 261,

25 3111 74 3164 nisi
92 3113 169 3181 quod
187 3113 267 3166 recte
286 3119 339 3166 νῦν
357 3130 388 3181 γε
402 3128 453 3181 pro
468 3119 521 3166 νῦν
536 3109 568 3166 δὲ
583 3113 705 3183 scripsit,
725 3132 817 3184 nequo
832 3117 956 3171 Schenkl
969 3117 1039 3172 Bur-

26 3180 93 3236 siani
109 3184 182 3240 Ann.
202 3183 271 3238 Litt.
290 3183 411 3237 breviar.
430 3200 457 3252 p.
474 3188 507 3237 37
532 3181 601 3251 quid
624 3201 722 3239 verum
741 3190 815 3242 esset
833 3192 1038 3257 cognoverunt3

26 3255 85 3319 post
96 3255 239 3325 ἀφανίσαι
249 3252 488 3322 distinguendum,
504 3251 535 3308 δὲ
546 3257 576 3308 ελ
585 3249 633 3323 ὧν,
648 3255 769 3312 fortasse
779 3259 825 3315 ἀεὶ
835 3259 973 3328 addenda,
988 3278 1039 3330 pro

27 3323 93 3378 αὐτὰ
111 3325 293 3380 scribendum
312 3341 373 3379 esse
392 3333 480 3379 ταῦτα
495 3324 628 3394 equidem
640 3332 837 3400 proposuerim
893 3338 908 3386 6
929 3331 965 3395 ὡς
984 3348 1039 3390 om.

27 3392 66 3462 ΒΙ
82 3391 322 3465 ἐγκαταλείψομεν
339 3395 444 3450 Reiske
525 3403 540 3451 7
561 3393 600 3452 δι’
621 3400 694 3469 ὑμᾶς
713 3400 736 3454 Β
810 3409 826 3457 8
844 3400 996 3474 πέμψομεν
1016 3404 1039 3460 0

28 3463 180 3535 πέμψαντες
198 3468 300 3523 Portus
375 3472 408 3520 14
425 3468 561 3536 Μαρκίου
581 3469 603 3524 Ο
623 3487 692 3527 corr.
713 3472 873 3543 Stephanus
