2384 3902
447 226 612 276 -Ε-
973 225 1038 291 253

33 384 259 451 θεσπισάντων
281 391 386 468 θεῶν,
409 386 531 463 ταύτας
552 387 653 452 πάλιν
672 386 847 471 ἐμπεδοῦν.
884 385 958 472 ἐμοὶ
978 385 1075 472 μὲυ4

34 491 70 573 δη
98 492 188 575 παρὰ
219 501 287 557 τῶν
315 487 486 576 Ἑλλήνων
518 494 657 559 δοκοῦσι
684 489 838 578 Ῥωμαῖοι
869 495 908 559 τδ
936 495 1041 580 παρά-

34 599 143 681 δειγμα
166 601 293 682 λαβεῖν,
317 598 429 682 ὥσπερ
453 601 552 683 ἔφην,
575 602 749 676 Λικίννιος
772 597 810 665 δὲ
828 598 904 686 παρ’
924 597 1040 685 Ἄλβα·

34 713 95 767 νῶν
121 709 226 768 οίεται
253 705 314 770 τὸν
343 705 521 789 δικτάτορα
538 701 720 790 Ῥωμαίους
746 704 933 789 εἰληφέναι,
964 705 1040 770 τού-

32 833 103 886 τους
123 809 234 893 λέγων
256 811 412 896 πρώτους
429 811 510 895 μετὰ
528 813 588 876 τὸν
603 808 760 895 Ἀμολίου
778 809 834 876 καὶ
851 810 1067 896 Νεμέτοροςε

33 915 175 982 θάνατον
204 915 404 1000 ἐκλιπούσης
431 927 489 1001 τῆς
515 920 687 1002 βασιλικῆς
715 920 909 1001 συγγενείας
931 917 1041 984 έυιαυ-

34 1024 119 1098 σίους
141 1023 307 1109 ἄρχοντας
330 1020 503 1101 ἀποδεῖξαι
524 1024 587 1107 τὴν
610 1024 715 1108 αὐτὴν
733 1027 869 1108 ἔχοντας
887 1023 1042 1102 ἐξουσίαν

33 1137 95 1204 τοῖς
115 1129 304 1212 βασιλεῦσι,
326 1134 441 1195 καλεῖν
460 1127 490 1194 δ
504 1129 628 1207 αύτούς
646 1131 853 1216 δικτάτορας·
876 1130 940 1214 ἐγὼ
956 1126 987 1194 δ’
1001 1129 1042 1194 ού

33 1233 173 1318 τούνομα
189 1238 299 1318 ζητεῖν
316 1234 446 1318 ἠξίουν,
468 1237 577 1300 πόθεν
590 1236 610 1319 ἡ
621 1233 791 1319 Ῥωμαίων
804 1238 899 1314 πόλις
913 1238 1042 1320 ἔλαβεν,

34 1337 108 1404 ἀλλὰ
132 1341 172 1405 τὸ
201 1349 261 1424 τῆς
288 1339 441 1419 ἐξουσίας
466 1350 524 1425 τῆς
545 1342 876 1427 περιλαμβανομένης
897 1349 943 1430 τῷ
967 1342 1041 1408 ὀνό-
1057 1369 1083 1408 10

7 1463 101 1528 εἵματι
131 1448 353 1533 παράδειγμα.
401 1443 473 1513 ἀλλ’
502 1444 586 1532 ὑπὲρ
618 1445 680 1533 μὲν
710 1449 839 1513 τούτων
866 1446 973 1513 ούδὲυ
1000 1447 1043 1513 δν

34 1557 76 1634 ιῖη
97 1553 182 1638 τάχα
204 1554 379 1640 προύργου
403 1556 444 1619 τδι
465 1557 567 1619 πλείω
590 1555 743 1640 γράφειν.

91 1659 225 1726 LXXV.
249 1657 311 1726 Ὃν
345 1655 382 1725 δέ
413 1663 538 1745 τρόπον
566 1660 584 1727 ὁ
612 1661 759 1746 Λάρκιος
786 1660 947 1746 ἐχρήσατο
975 1671 1044 1738 τοῖς

34 1765 196 1850 πράγμασι
227 1765 390 1852 δικτάτωρ
421 1777 552 1852 πρῶτος
583 1765 794 1852 ἀποδειχθεὶς
823 1766 879 1833 καί
906 1771 1044 1853 κόσμον,

36 1863 100 1937 οἷον
120 1873 305 1958 περιέθηκε
327 1882 367 1959 τῇ
391 1872 492 1960 ἀρχῇ,
515 1875 688 1956 συντόμως
705 1875 904 1959 πειράσομαι
923 1875 1044 1953 διεξελ-
1059 1898 1085 1940 15

36 1983 114 2062 δεῖν,
132 1989 240 2044 ταῦτα
259 1979 447 2064 ἡγούμενος
465 1973 551 2044 εἶναι
567 1980 798 2065 χρησιμώτατα
811 1991 881 2056 τοῖς
895 1979 1044 2063 άναγνω-
1146 2001 1151 2010 ·

36 2084 194 2169 σομένοις,
219 2085 240 2151 δ
263 2087 392 2170 πολλὴν
416 2085 577 2171 εὐπορίαν
600 2084 732 2169 παρέξει
751 2090 866 2151 καλῶν
889 2084 944 2150 καὶ
962 2103 1044 2170 συμ-
1123 2083 1128 2093 '

36 2195 203 2276 φερόντων
217 2193 496 2277 παραδειγμάτων
510 2190 711 2276 νομοθέταις
725 2190 823 2258 τεκαὶ
834 2193 1044 2276 δημαγωγοῖς

35 2296 83 2361 καὶ
113 2309 186 2375 τοῖς
217 2300 332 2375 άλλοις
363 2299 466 2363 άπασι
497 2308 567 2374 τοῖς
596 2299 837 2364 πολιτεύεσθαί
859 2321 895 2362 τε
922 2295 978 2364 καὶ
1004 2301 1044 2365 τά

35 2405 123 2470 κοινὰ
149 2405 309 2490 πράττειν
335 2403 562 2489 βουλομένοις.
608 2405 650 2469 ού
677 2408 742 2491 γὰρ
767 2405 889 2490 ἀζήλου
911 2403 967 2470 καὶ
988 2428 1044 2471 τα-
1059 2430 1086 2469 ιο

35 2519 142 2594 πειυῆς
165 2513 294 2588 πόλεως
315 2511 539 2596 πολιτεύματα
561 2508 617 2576 καὶ
639 2514 735 2595 βίους
758 2507 839 2576 οὐδὲ
857 2510 1046 2597 ἀνωνύμων
1126 2541 1133 2554 ·

36 2613 83 2679 καὶ
105 2615 363 2704 ἀπερριμμένων
386 2617 579 2702 ἀνθρώπων
600 2618 812 2703 βουλεύματα
834 2616 889 2683 καὶ
912 2618 1047 2705 πράξεις

38 2721 136 2802 μέλλω
162 2725 366 2808 διηγεῖσθαι,
389 2724 474 2789 ὥστε
497 2725 598 2808 ὄχλον
620 2725 663 2789 ἄν
685 2747 753 2790 τινι
797 2721 853 2790 καί
876 2730 1057 2812 φλυαρίαν·

8 2837 180 2914 ιῖεφαυῆναι
202 2831 264 2914 τὴν
287 2828 364 2914 περί
383 2832 424 2895 τά
440 2831 542 2916 μικρὰ
559 2829 615 2896 καὶ
634 2835 747 2915 φαῦλα
765 2830 860 2914 ἡμῶν
878 2835 1046 2920 σπουδήν·

38 2932 101 2999 ἀλλ’
128 2932 214 3022 ὑπὲρ
245 2944 304 3020 τῆς
336 2937 438 3002 ἅπασι
470 2938 511 3001 τδ
538 2937 622 3002 καλά
649 2935 705 3002 καί
732 2937 844 3018 δίκαια
871 2938 1045 3026 ὁριζούσης
1059 2961 1087 3018 τε

39 3044 155 3121 πόλεως
177 3041 234 3108 καὶ
256 3041 333 3130 περὶ
353 3053 420 3108 τῶν
439 3045 486 3120 είς
503 3052 603 3109 τοῦτο
621 3041 922 3128 καταστησαμένων
941 3047 1047 3131 αὐτὴν

38 3148 70 3210 τὸ
91 3147 218 3234 ἀξίωμα
240 3149 426 3234 ἡγεμόνων,
449 3149 471 3213 ά
492 3172 542 3227 τις
565 3149 607 3216 δν
626 3151 828 3216 σπουδάσειε
846 3152 890 3235 μη
910 3151 1047 3236 ἀγνοεῖν

102 3272 264 3333 3Λιιιίνιος
286 3269 340 3322 ΑΒ
421 3271 594 3342 δπρόιτους]
618 3271 688 3340 πρὸς
705 3271 812 3335 τούςΒ
894 3279 926 3327 11
946 3276 1047 3332 τούτου
1086 3318 1088 3323 s

41 3337 227 3408 opraeterss
285 3347 317 3396 19
336 3361 366 3396 τε
385 3342 483 3396 om.B
536 3349 571 3397 23
589 3343 646 3398 τινί
663 3342 741 3396 ABb
776 3344 848 3400 τινελ
866 3344 1046 3420 ΒωΙόγλον]

41 3413 117 3479 λῆρον
134 3413 181 3466 vel
198 3412 290 3468 ύθλον
308 3429 332 3467 ο.
351 3412 480 3466 Hertlein
498 3413 615 3468 Hermes
634 3415 660 3469 X
678 3432 705 3483 p.
724 3421 778 3468 414
841 3421 875 3470 2?
895 3416 915 3470 ά
933 3437 975 3481 τις
994 3421 1047 3475 ούιι

42 3478 72 3534 ἂν
90 3483 256 3538 σπουδάσειε
276 3500 298 3540 ο.
318 3483 423 3538 Reiske
1097 3505 1100 3512 ’
1142 3501 1145 3506 ·
