2400 3912
456 233 620 282 -Ε-
983 229 1046 294 187

47 394 132 477 δίκην
153 393 199 468 είς
223 393 296 477 ίερδι
320 393 460 476 σώματα,
473 391 645 477 πρέσβεών
663 415 698 457 τε
716 389 771 456 καὶ
790 391 926 476 ὁμήρων
944 413 1048 477 παρα-

46 511 148 584 νομεῖν
171 498 208 564 ἐν
232 499 395 575 σπονδαῖς
417 499 633 585 ἐπεχείρησαν
656 499 692 564 οί
708 500 844 576 δικαίως
861 496 917 564 ὑπ’
937 498 1048 564 αὐτῶν

45 603 278 684 ἐξελασθέντες·
303 605 386 672 ὅθεν
404 603 573 691 Τυρρηνοὶ
587 602 768 690 Ῥωμαίους
786 602 848 690 μὲν
862 605 1048 671 ἀπολύουσι

44 723 102 778 τῶν
123 711 348 798 ἐγκλημάτων,
376 714 550 798 Ταρκυνίῳ
575 708 613 777 δέ
634 710 690 778 καὶ
708 715 867 800 Μαμιλίῳ
892 713 1048 778 διαλύον-

43 843 88 884 ται
107 821 166 902 τήν
190 818 329 897 ξενίαν·
344 817 426 901 [καὶ]
450 829 608 903 προεῖπεν
632 818 828 904 αὐθημερὸν
851 819 887 884 ἐκ
908 828 970 884 τοῦ
991 819 1074 903 xci-⁵

12 938 131 1010 ινιραιιος
153 923 296 992 ἀπιέναι.
339 925 520 1010 Ταρκύνιοι
539 920 600 1008 μέν
624 921 686 990 οὖν
710 921 747 990 ἐν
766 925 874 991 ἐλπίσι
892 921 1082 1010 χρησταῖς2

42 1035 206 1117 γενόμενοι
228 1028 300 1107 κατ’
322 1033 440 1119 ἀρχάς,
468 1032 513 1113 ὡς
535 1031 555 1115 ή
579 1034 844 1118 τυραννήσοντες
866 1026 969 1109 αὖθις
990 1040 1048 1115 τῆς

40 1141 154 1216 πόλεως
187 1143 373 1226 Τυρρηνῶν
405 1142 503 1222 σφίσι
532 1137 756 1222 βοηθούντων
782 1137 803 1222 ή
831 1132 871 1203 τδι
897 1140 1047 1224 χρήματα

41 1248 263 1331 κομιούμενοι,
289 1249 345 1312 διὰ
366 1247 429 1331 τήν
453 1248 500 1323 είς
522 1247 601 1322 τοὺς
623 1243 854 1329 πρέσβειςκαὶ
876 1247 918 1310 τά
940 1246 1047 1331 ὅμηρα

39 1356 243 1438 παρανομίαν
266 1350 467 1436 ἀμφοτέρων
491 1353 727 1436 διαμαρτόντες
750 1350 905 1434 ἀπῆλθον
928 1349 964 1416 ἐκ
985 1359 1046 1416 τοῦ
1061 1361 1087 1400 1⁰

41 1457 259 1542 στρατοπέδου
278 1462 342 1524 σὺν
362 1460 504 1544 αίσχύνη
522 1481 558 1523 τε
576 1455 631 1522 καὶ
649 1460 746 1543 μίσει.
784 1457 801 1522 ὁ
821 1453 859 1522 δέ
876 1468 943 1522 τῶν
962 1460 1045 1542 Τυρ
1062 1451 1082 1514 3

40 1577 142 1650 ρηνων
165 1569 325 1650 βασιλεὺς
346 1566 388 1631 τά
411 1565 520 1650 ὅμηρα
542 1573 610 1630 τῶν
629 1560 799 1648 Ῥωμαίων
822 1561 875 1628 ἐπὶ
897 1564 935 1628 τὸ
959 1566 1047 1649 βῆμα

39 1679 246 1758 προαχθῆναι
267 1673 426 1748 κελεύσας
449 1671 636 1737 ἀποδίδωσι
658 1680 704 1759 τῷ
725 1670 839 1758 ὑπάτῳ
858 1671 972 1753 είπων,
996 1671 1048 1735 ὅτι

37 1779 133 1864 πάσης
162 1781 323 1865 ὁμηρείας
344 1781 519 1864 κρείττονα
541 1777 669 1861 ἡγεῖται
690 1778 752 1862 τήν
774 1779 887 1842 πίστιν
909 1785 968 1860 τῆς
989 1779 1048 1841 πό-

37 1890 118 1964 λεως.
166 1890 251 1972 μίαν
286 1883 324 1952 δὲ
357 1883 532 1971 παρθένον
563 1883 600 1949 ἐκ
632 1894 700 1950 τῶν
732 1884 883 1969 ὁμήρων,
919 1878 979 1968 ὑφ’
1009 1879 1048 1966 ής
1063 1891 1089 1932 15

38 1992 240 2078 ἐπείσθησαν
264 1994 302 2060 αί
321 1990 435 2059 λοιπαὶ
454 1990 677 2074 διανήξασθαι
695 1993 755 2057 τὸν
773 1994 934 2077 ποταμόν,
959 1989 1049 2056 ἐπαι-

34 2100 126 2178 νέσας
154 2103 203 2178 ὡς
229 2112 381 2188 κρεῖττον
409 2102 554 2184 ἔχουσαν
585 2101 742 2185 φρόνημα
768 2107 826 2182 τής
852 2121 888 2163 τε
915 2099 1049 2182 φύσεως

35 2187 83 2254 καὶ
109 2200 169 2275 τῆς
193 2190 339 2280 ἡλικίας,
368 2187 423 2254 καὶ
445 2189 506 2271 τήν
530 2190 629 2254 πόλιν
652 2190 836 2274 μακαρίσας
858 2185 912 2253 ἐπὶ
934 2195 979 2274 τῷ
1003 2188 1047 2271 μή

35 2299 134 2378 μόνον
158 2299 288 2382 ἄνδρας
307 2297 457 2382 ἀγαθοὺς
475 2293 659 2382 ἐκτρέφειν,
682 2293 765 2360 άλλδι
783 2292 838 2360 καὶ
856 2292 1049 2379 παρθένους

36 2401 196 2490 ἀνδράσιν
220 2404 347 2489 ὁμοίας,
372 2405 527 2487 δωρεῖται
548 2403 739 2486 τήνκύρην
761 2402 849 2488 ἵππῳ
868 2384 1089 2497 πολεμιστήέὃ

35 2513 196 2596 φαλάροις
223 2507 459 2598 κεκοσμημένῳ
488 2507 690 2593 διαπρεπέσι.
737 2510 817 2592 μετά
845 2504 882 2572 δέ
908 2509 970 2591 τήν
998 2507 1048 2572 ἐ-

12 2621 173 2702 λνκλησίαν
202 2619 244 2683 τά
270 2614 431 2702 περὶτῆς
458 2617 592 2700 εἰρήνης
617 2613 673 2681 καί
701 2617 816 2699 φιλίας
843 2615 939 2699 δρκια
965 2615 1049 2700 πρὸς

34 2727 106 2803 τοὺς
134 2723 294 2812 πρέσβεις
316 2735 384 2788 τῶν
401 2719 572 2806 Ῥωμαίων
596 2722 820 2805 ποιησάμενος
841 2719 896 2788 καὶ
920 2721 1050 2800 ξενίσας

36 2831 153 2910 αὐτοὺς
179 2834 272 2917 δῶρα
294 2839 334 2915 τῇ
355 2833 449 2895 πόλει
467 2828 633 2913 φέρεσθαι
653 2831 773 2894 δίδωσι
790 2831 868 2905 τοὺς
886 2828 1050 2913 αίχμαλώ-

34 2961 107 3016 τους
135 2941 286 3015 ἅπαντας
314 2939 396 3003 άνευ
419 2937 550 3022 λύτρων
574 2939 719 3021 συχνοὺς
741 2936 830 3000 πάνυ
854 2937 967 3018 ὄντας,
995 2932 1050 2998 καὶ
1064 2955 1091 2996 εε

34 3045 66 3110 τὸ
84 3049 226 3132 χωρίον,
246 3045 283 3110 ἐν
298 3035 706 3132 ςὸκατεστρατοπεδευκὼς
720 3037 773 3125 ήν,
792 3039 1051 3126 κατεσκευασμέ-

36 3177 93 3219 νον
126 3154 192 3240 ούχ
225 3154 270 3230 ὡς
302 3151 528 3237 στρατόπεδον
565 3149 607 3216 ἐν
635 3148 711 3236 ξένη
743 3158 785 3234 μή
818 3149 902 3235 πρὸς
934 3147 1050 3232 ὀλίγον

103 3284 119 3331 3
141 3273 344 3344 ἐξελασθέντες
366 3273 413 3326 Ba
450 3267 673 3338 ἐξελαθέντεςλὸ
701 3271 777 3340 quod
801 3269 856 3324 def.
876 3268 965 3324 Cobet
984 3269 1050 3324 0bs.

36 3355 132 3415 p.100
189 3345 346 3402 ὅκαλδολ.
366 3342 803 3414 Μοαλτοοτ1.1,ὶπροείπονο
839 3346 976 3412 προεῖπεν
991 3341 1052 3396 sin-

37 3418 106 3473 tem's
125 3419 189 3474 Em.
208 3417 382 3473 Dion.1120
448 3423 479 3470 11
500 3415 581 3484 μύσει
605 3431 627 3468 ο.
651 3415 755 3469 Reiske
812 3420 844 3468 16
865 3413 1052 3476 ..ἐπαινέσας
1166 3450 1174 3463 .

36 3488 57 3540 Β
130 3497 167 3545 18
185 3490 236 3563 τῷ]
255 3489 328 3543 τὸΒ
402 3491 435 3540 2ο
455 3484 714 3556 κατεσκευασμένον
734 3485 839 3540 add.B
962 3519 966 3528 -
