2400 3912
453 202 616 250 -Δ-
982 199 1046 265 113

44 384 97 425 νον
125 361 267 445 χρόνον,
298 357 360 435 ἕως
393 353 463 440 [οὗ]
495 359 555 424 τὸν
587 357 775 442 ἐπιτήδειον
809 357 901 438 ἔδοξε
928 361 1047 445 καιρὸν

44 470 128 550 ἔχειν,
151 466 331 550 φυλάττων
348 466 387 530 τὸ
405 466 619 551 προσποίημα
636 476 694 550 τῆς
712 465 837 549 ἀνοίας,
857 465 890 544 ἐξ
909 461 950 532 οὗ
969 467 1047 532 ταύ-

42 597 91 656 της
111 575 205 656 ἔτυχε
227 581 285 656 της
303 571 505 656 ἐπωνυμίας·
529 566 618 638 τοῦτ’
636 573 740 638 αὐτὸν
759 572 921 658 ἐρρύσατο
940 573 1046 657 μηδὲν

15 680 141 744 θῡδεινὸν
164 679 231 744 ὑπὸ
254 687 315 744 τοῦ
337 677 508 762 τυράννου
531 684 656 744 παθεῖν
677 683 812 745 πολλῶν
833 677 888 744 καὶ
907 677 1046 763 ἀγαθῶν

42 785 163 870 ἀνδρῶν
187 783 438 869 ἀπολλυμένων.
1057 801 1070 841 ⁵

97 891 266 958 LXVIIII.
289 893 558 976 Καταφρονήσας
580 891 644 976 γάρ
667 891 686 956 δ
704 891 888 978 Ταρκύνιος
910 900 967 974 τῆς
990 891 1045 956 δο-

41 999 153 1082 κούσης
171 992 354 1082 εἶναιπερὶ
372 995 487 1078 αὐτόν,
511 993 584 1062 ἀλλ’
607 996 649 1062 οὐ
667 992 739 1062 κατ’
760 997 923 1080 ἀλήθειαν
941 996 1046 1082 ὑπαρ-

40 1104 153 1188 χούσης
176 1106 313 1190 μωρίας,
337 1103 545 1189 ἀφελόμενος
568 1104 696 1170 ἅπαντα
719 1105 759 1168 τὰ
776 1110 922 1191 πατρῷα,
946 1104 1046 1188 μικρά

40 1204 67 1273 δ’
89 1213 134 1288 είς
165 1211 226 1278 τὸν
254 1205 332 1276 καθ’
357 1208 485 1296 ἡμέραν
510 1213 587 1294 βίον
616 1208 838 1295 ἐπιχορηγῶν,
871 1209 916 1286 ὡς
942 1211 1045 1275 παῖδα

40 1315 182 1401 ὀρφανὸν
204 1317 392 1402 ἐπιτρόπων
411 1317 458 1382 ἔτι
478 1317 640 1400 δεόμενον
660 1315 842 1400 ἐφύλαττεν
861 1313 920 1400 ὑφ’
939 1313 1043 1403 ἑαυτῷ
1060 1335 1086 1375 ιο

41 1423 228 1489 διαιτᾶσθαί
251 1446 287 1488 τε
316 1423 487 1508 μετὰτῶν
511 1422 608 1486 ίδίων
631 1422 762 1486 παίδων
785 1419 976 1505 ἐπέτρεπεν,
1005 1420 1046 1486 ού

40 1528 89 1592 διὰ
108 1532 219 1616 τιμήν,
244 1529 289 1606 ὡς
311 1528 489 1612 ἐσκήπτετο
511 1529 594 1614 πρὸς
617 1530 696 1606 τοὺς
713 1525 813 1604 πέλας
833 1519 887 1593 οἷα
906 1527 947 1610 δὴ
967 1545 1045 1609 συγ-

41 1637 139 1718 γενής,
166 1633 238 1702 ἀλλ’
261 1636 316 1700 ἵνα
338 1631 467 1717 γέλωτα
489 1632 616 1719 παρέχῃ
640 1644 710 1710 τοῖς
733 1635 915 1718 μειρακίοις
938 1630 1046 1715 λέγων

39 1737 63 1801 τ’
88 1740 211 1825 ἀνόητα
240 1741 348 1806 πολλὰ
379 1738 435 1806 καὶ
464 1741 619 1825 πράττων
647 1739 747 1823 ὅμοια
774 1750 844 1815 τοῖς
870 1734 942 1803 κατ’
969 1737 1046 1822 ἀλή-

40 1852 129 1912 θειαν
151 1848 306 1932 ἠλιθίοις.
348 1843 403 1911 καὶ
428 1847 469 1929 δὴ
492 1844 549 1912 καὶ
572 1847 625 1911 ὅτε
648 1853 693 1934 τῷ
718 1851 877 1932 Δελφικῷ
902 1826 1087 1938 μαντείφὲ5

39 1951 259 2038 χρησομένους
276 1950 452 2016 ἀπέστελλε
470 1952 550 2028 τοὺς
569 1951 631 2016 δύο
649 1960 717 2016 τῶν
735 1952 867 2016 παίδων
880 1949 1047 2037 ’Ἀρροντα

38 2058 88 2124 καὶ
113 2064 211 2126 Τίτον
238 2056 323 2144 ὑπὲρ
351 2067 413 2123 τοῦ
441 2063 574 2143 λοιμοῦ·
610 2055 797 2140 κατέσκηψε
826 2056 890 2140 γάρ
918 2078 968 2133 τις
994 2054 1047 2122 ἐπὶ

38 2173 90 2247 τῆς
116 2165 245 2232 ἐκείνου
271 2166 442 2249 βασιλείας
469 2164 532 2229 οὐκ
559 2165 703 2230 είωθυία
728 2166 830 2240 νόσος
852 2163 900 2239 είς
922 2161 1047 2247 παρθέ-

38 2293 113 2346 νους
133 2294 167 2336 τε
191 2269 246 2336 καὶ
268 2271 404 2352 παῖδας,
435 2267 494 2354 ὑφ’
516 2265 556 2353 ἧς
577 2270 684 2335 πολλά
708 2269 876 2355 διεφθάρη
900 2269 1046 2352 σώματα,

40 2376 242 2459 χαλεπωτάτη
267 2373 304 2441 δέ
327 2374 383 2440 καὶ
406 2377 564 2452 δυσίατος
582 2377 629 2451 είς
647 2375 705 2451 τὰς
722 2374 868 2450 κυούσας
886 2383 1046 2456 γυναῖκας
1060 2393 1087 2432 ιο

40 2481 146 2558 αὐτοῖς
176 2482 338 2568 βρέφεσιν
370 2482 613 2548 ἀποκτείνουσα
645 2481 702 2557 τὰς
734 2478 876 2565 μητέρας
907 2479 945 2545 ἐν
976 2489 1047 2556 ταῖς

11 2599 162 2667 οεγοναῖς·
184 2590 246 2671 τήν
263 2586 292 2652 τ’
311 2589 422 2652 αἰτίαν
439 2596 499 2671 τῆς
515 2589 620 2652 νόσου
638 2597 765 2670 γνῶναι
779 2587 868 2671 παρά
881 2594 942 2651 τοῦ
960 2591 1047 2652 θεοῦ

40 2691 91 2756 καί
107 2695 165 2778 τὴν
184 2695 283 2759 λύσιν
301 2697 507 2780 βουλόμενος
525 2691 714 2776 συνέπεμψε
729 2691 884 2758 κάκείνου
897 2693 964 2777 ἅμα
978 2703 1047 2770 τοῖς

42 2805 213 2884 μειρακίοις
241 2801 429 2883 δεηθεῖσιν,
457 2800 515 2865 ’ίνα
540 2800 787 2865 κατασκώπτειν
815 2823 851 2864 τε
877 2797 933 2865 καὶ
956 2820 1048 2885 περι-

41 2908 179 2989 υβρίζειν
209 2909 327 2991 ἔχοιεν.
369 2905 413 2982 ὡς
443 2904 480 2970 δὲ
509 2907 789 2990 παρεγενήθησαν
819 2903 872 2970 ἐπὶ
901 2907 939 2970 τὸ
966 2883 1088 2996 μαν-ζ)5

43 3020 124 3076 τεῑον
146 3013 181 3078 οί
201 3015 373 3077 νεανίσκοι
394 3008 450 3076 καί
473 3013 552 3087 τοὺς
569 3015 739 3096 χρησμοὺς
758 3015 879 3094 ἔλαβον
897 3007 980 3095 ὑπέρ
1000 3005 1048 3075 ὧν

109 3174 121 3222 1
140 3164 191 3223 ὀὗ
211 3167 304 3222 delevi
358 3173 375 3220 3
394 3165 470 3222 τοῦτ’
487 3167 573 3222 αὐτὸν
593 3167 615 3222 Ο
651 3175 734 3222 τούτο
753 3165 781 3222 δ’
798 3166 885 3222 αὐτὸν
903 3164 1047 3234 Kiessling

45 3237 141 3292 ἵκατδι
155 3245 179 3294 Α
215 3236 277 3293 ἀλλ’
294 3239 327 3293 ού
346 3236 410 3292 κατ’
427 3237 567 3307 ἀλήθειαν
590 3239 769 3309 ὑπαρχούσης
788 3238 842 3293 del.
861 3236 963 3291 (ἔειπεν
981 3235 1047 3292 obs.

44 3315 116 3373 1135
186 3316 219 3364 10
240 3307 424 3379 ἐπιδεύμενον
448 3309 474 3362 A
510 3307 551 3364 ἐτι
569 3309 745 3379 δεόμενονΒ
819 3315 852 3364 12
872 3307 1047 3378 συγγενὴςΟ

46 3387 152 3450 συγγενῆ
170 3380 272 3450 Pflugk
351 3385 383 3434 14
401 3382 472 3436 τεΒ
551 3386 583 3435 17
602 3379 852 3450 κατέσκηψειαρΒ
924 3384 957 3432 21
978 3379 1047 3432 ἀπο-

46 3452 208 3506 κτείνασαΑ

93 3549 186 3592 Dtom.
200 3551 266 3590 Ηιτ..
279 3550 311 3590 Π.
332 3560 371 3590 τυ.
385 3550 487 3592 λιοοιιτ.
871 3542 886 3590 8
