2400 3912
466 239 630 288 ..Ε-

66 393 107 462 ἰπί
134 397 168 460 τὸ
198 397 313 482 ἔργον,
346 395 429 462 άλλδ
457 391 536 463 καθ’
561 397 637 482 ἕνα,
669 400 750 483 μήτε
778 399 916 485 φράζειν
944 398 1059 487 ἕτερον

65 501 148 591 ἕτέρφ
168 505 246 568 τότε
267 501 323 570 καί
346 513 415 582 πῶς
437 501 492 570 καί
515 514 581 571 ποῦ
604 503 660 571 καὶ
681 507 771 571 τίσιν
794 505 962 592 ἀφορμαῖς
979 531 1058 594 χρη·

63 609 185 694 σάμενος
217 609 415 696 ἐπιθήσεταί
444 628 514 695 σοι,
548 611 604 677 ἵνα
636 611 722 700 ῥᾷον
753 611 833 697 ἡμῖν
860 611 991 700 ὑπάρχη
1019 615 1057 679 τὸ

61 719 171 781 λαθεῖν.
206 726 310 783 ταῦτα
334 715 572 802 διανοηθέντες
595 718 868 806 ἐκληρωσάμεθα,
891 717 948 784 καὶ
969 731 1058 807 πρῶ-

60 843 105 898 τος
125 820 218 906 άρξαι
239 831 297 906 της
319 827 436 910 πείρας
459 827 579 910 ἔλαχον
604 823 678 908 ἐγώ.
723 826 887 912 προειδὼς
910 821 983 908 οὖν,
1007 827 1085 892 ὅτιῡ

59 925 160 993 πολλοὶ
190 926 247 994 καί
278 929 403 1013 άμαθοί
432 931 494 1015 τὴν
522 931 628 1015 αὐτην
656 953 713 1016 μοι
743 932 898 997 διάνοιαν
925 931 1059 1011 ἕξουσιν

28 1032 204 1122 ιιτέτιδυμίηι
229 1034 338 1120 δόξης,
363 1031 410 1102 ὧν
432 1037 477 1115 ὡς
495 1037 624 1104 εἰκάσαι
642 1061 693 1115 τις
711 1037 863 1123 όμείνονι
881 1039 963 1124 τύχη
982 1040 1059 1125 χρη-

57 1129 134 1206 σεται
158 1150 219 1224 τῆς
246 1142 340 1227 ἐμῆς,
369 1145 500 1227 σκόπει,
526 1145 577 1222 τίς
604 1146 696 1210 ἔσται
723 1159 778 1210 σοι
806 1145 889 1230 πρὸς
914 1145 1061 1222 ἅπαντας

57 1245 189 1330 άρκοῦσα
214 1253 356 1333 φυλακή.

110 1354 211 1421 XXX.
230 1350 268 1419 Ὠ
292 1353 328 1420 δὲ
351 1353 443 1422 ταῦτ’
460 1359 605 1441 ἤκουσεν
623 1357 642 1424 ὁ
661 1359 828 1441 βασιλεύς,
852 1357 982 1423 ἐκεῖνον
1000 1355 1062 1442 μὲν
1075 1376 1101 1417 1⁰

56 1458 276 1544 ἀπαγαγόντας
296 1465 376 1540 τοὺς
400 1465 615 1550 δορυφόρους
637 1462 789 1530 ἐκέλευσε
809 1465 907 1548 δῆσαι
925 1461 980 1528 καὶ
999 1487 1060 1546 φυ-

55 1567 172 1633 λάττειν
197 1565 371 1654 ἐπιμελῶς·
395 1569 495 1648 αὐτὸς
518 1567 556 1636 δέ
577 1573 658 1648 τοὺς
680 1571 898 1647 πιστοτάτους
919 1579 987 1634 τῶν
1005 1572 1061 1655 φί-

54 1677 112 1738 λων
137 1677 343 1760 παραλαβὼν
370 1674 425 1742 καὶ
452 1679 512 1743 τὸν
539 1678 616 1744 υἰὸν
637 1676 802 1765 ’Ἄρροντα
830 1675 1060 1761 παρακαθισά-

53 1803 155 1864 μενος,
185 1779 256 1866 μετ’
279 1783 416 1850 ἐκείνων
444 1784 592 1867 ἐσκόπει,
619 1787 655 1849 τί
674 1796 780 1850 ποιῶν
802 1785 862 1861 τὰς
884 1782 1060 1867 ἐπιβουλάς

52 1887 152 1954 αὐτῶν
191 1891 435 1977 διακρούσεται.
480 1902 548 1958 τῶν
584 1888 646 1976 μὲν
682 1886 745 1957 οὖν
779 1893 890 1956 ἄλλων
923 1871 1100 1984 ε’καστος125

52 1993 176 2076 εὐήθεις
201 1995 383 2082 ἀσφαλείας
405 1996 512 2082 λέγων
536 1997 644 2064 ἐδόκει
665 2007 734 2063 τῶν
754 1999 899 2063 δεόντων
918 2005 1060 2082 φρονεῖν

50 2101 156 2168 οὐδέν·
181 2103 201 2169 ὁ
227 2099 256 2168 δ’
283 2106 357 2182 υίὸς
376 2105 480 2171 αὐτοῦ
497 2107 690 2192 τελευταίαν
710 2103 902 2188 ἀπεφήνατο
921 2103 1059 2188 μνάμην

49 2208 271 2296 πρεσβυτέραν
284 2219 343 2295 τῆς
362 2211 499 2295 ἡλικίας,
518 2210 620 2290 ἀξιῶν
638 2211 742 2276 αὐτὸν
760 2212 804 2295 μη
824 2219 973 2292 σκοπεῖν,
991 2211 1059 2274 τίσι

48 2321 208 2397 φυλακαῖς
239 2317 409 2402 χρώμενος
441 2315 543 2384 οὐδὲν
573 2320 721 2384 πείσεται
753 2319 882 2400 δεινόν,
914 2317 998 2382 άλλδι
1027 2317 1063 2380 τί

48 2435 147 2488 ποιῶν
182 2423 225 2489 οὐ
257 2425 409 2507 δεήσεται
442 2430 605 2508 φυλακῆς·
645 2423 895 2508 θαυμασάντων
928 2419 965 2489 δὲ
996 2424 1058 2506 τὴν
1073 2441 1099 2480 20

48 2529 200 2596 διάνοιαν
232 2530 338 2595 αὐτοῦ
369 2531 504 2596 πάντων
537 2529 592 2596 καί
623 2541 692 2608 κῶς
724 2529 766 2595 δν
799 2539 896 2594 τοῦτο
926 2527 1058 2612 γίνοιτο

109 2747 125 2795 5
146 2740 239 2864 &offae
257 2739 310 2793 AB
379 2745 394 2793 6
414 2739 486 2808 *τὴν
505 2739 595 2807 αἰπήν
614 2759 661 2810 μοι
679 2738 767 2806 δόξαν
787 2737 897 2806 ἕξουσιν
918 2735 1059 2814 ἐπιθυμίᾳ

48 2808 123 2880 δόξης
141 2815 167 2865 Α
236 2811 288 2880 τὴν
308 2810 397 2878 αὐτήν
416 2830 464 2881 μοι
481 2809 586 2882 τόλμαν
606 2827 656 2880 eqs
675 2811 799 2866 Sintenis
819 2809 880 2866 Em.
899 2810 982 2866 Dion.
997 2813 1009 2864 1
1024 2817 1057 2864 21

45 2882 130 2937 verbis
156 2903 207 2954 μοι
231 2881 318 2948 δόξαν
343 2881 444 2936 deletis
472 2881 523 2951 τὴν
547 2881 636 2950 αὐτὴν
661 2879 771 2948 ἕξουσιν
796 2876 953 2953 ἐπιθυμίαν
975 2880 1059 2950 δόξης

46 2969 64 3006 ο.
81 2954 231 3008 Meutzner
247 2953 320 3042 Am'l,
339 2952 409 3024 phil.
430 2959 482 3009 115
500 2957 593 3023 (1877)
612 2971 639 3022 p.
655 2958 707 3007 815
779 2960 794 3008 7
813 2947 873 3008 *ὧν
897 2951 926 3008 εἰ
946 2955 999 3008 καί
1017 2972 1059 3014 τις

44 3075 110 3133 ΑΒε
150 3073 194 3132 ὧν
214 3075 241 3132 εἰ
257 3029 307 3132 κῗιί
325 3097 367 3141 τις
384 3077 432 3132 Bb
469 3073 509 3132 ὧν
528 3076 591 3149 εἰκῇ
609 3099 651 3142 τις
669 3093 693 3132 ο.
713 3077 835 3148 Sylburg
872 3073 911 3132 ὧν
931 3079 996 3139 ἴσως
1009 3075 1058 3130 καί

45 3145 77 3208 εἰς
93 3169 136 3212 τις
156 3165 183 3202 ο.
202 3148 307 3203 Reiske
344 3145 383 3204 ὧν
402 3147 442 3214 εἰς
459 3148 492 3220 με’
509 3169 552 3213 τις
566 3164 589 3204 ο.
610 3149 733 3204 Sintenis
747 3149 766 3205 l.
781 3149 799 3204 l.
838 3143 877 3203 ὧν
896 3146 936 3211 εἰς
954 3168 996 3210 τις
1009 3147 1059 3202 καλ

44 3217 224 3274 c.B1'icheler
260 3214 299 3273 ὧν
324 3217 351 3274 εἰ
370 3222 422 3274 καί
436 3241 478 3284 τις
496 3220 533 3292 μὴ
549 3237 572 3276 ο.
592 3219 721 3274 Sohnolle
739 3219 810 3274 Ann.
829 3219 899 3288 phil.
916 3225 949 3274 75
965 3221 1058 3288 (1857)

42 3305 64 3355 p.
78 3297 131 3346 378
174 3285 214 3344 ὦν
229 3287 270 3352 εἰς
282 3309 324 3352 τις
339 3290 461 3346 Schenkl
474 3291 607 3346 Bursiani
621 3290 758 3346 librorum
772 3308 835 3345 ann.
850 3289 969 3344 breviar.
985 3307 1012 3358 p.
1023 3295 1057 3343 35

44 3355 76 3414 ὧν
94 3360 215 3424 εἰκότως
237 3363 290 3416 καί
304 3381 345 3425 τις
364 3378 386 3416 ο.
407 3362 534 3418 Schaller
570 3357 609 3417 ὧν
629 3363 665 3426 ὡς
684 3360 795 3418 εἰκάσαι
812 3381 855 3424 τις
874 3377 926 3430 ego
952 3362 956 3432 1
981 3361 1059 3431 ἀμεί-

41 3449 97 3487 νονι
116 3431 201 3488 ABb
238 3431 355 3503 άμεινον
373 3433 421 3486 Ba
483 3433 969 3504 8σοιοω1.ΒΙάρκοῦσαωόό.Β
1025 3437 1057 3485 13

37 3497 210 3574 ἈρρονταΒ
244 3500 392 3574 Ἀρροῦντα
409 3505 435 3557 R
508 3511 541 3558 16
561 3503 696 3572 συνήθεις
714 3521 737 3560 ο.
756 3503 900 3572 Kiessling
