2394 3912
450 232 612 284 -5-
977 231 1043 299 335

26 415 105 469 τους
133 390 169 460 ἐκ
195 403 264 458 τῶν
288 394 474 478 εἰληφότων
496 393 561 477 ἥδη
585 394 647 478 την
671 394 777 480 άρχην
799 396 925 479 ταύτην
948 397 1041 484 δήμῳ

26 497 102 582 <τε>
125 496 385 584 κεχαρισμένους
407 499 534 584 άνδρας
554 498 611 564 καὶ
633 498 884 589 ἀριστοκρατίᾳ,
912 505 1043 569 Πόστο-

27 615 90 689 μόν
113 607 282 691 Κομίνιον
304 603 360 671 καὶ
382 609 536 692 Σπόριον
558 606 725 690 Κάσσιον,
749 602 810 692 ὑφ’
832 603 873 674 οὗ
896 611 1043 692 Σαβῖνοι

26 709 356 796 καταπολεμηθέντες
381 722 441 797 τῆς
466 711 645 797 ἡγεμονίαις
672 711 876 798 ἀπέστησαν,
904 712 958 780 έπλ
984 724 1042 799 τῆς

27 817 273 904 ἑβδομηκοστῆς
294 816 350 884 καὶ
372 817 529 904 δευτέρας
551 819 767 904 ὀλυμπιάδος,
790 820 834 905 ἣν
854 820 947 887 έυίκα
966 821 1068 885 στάι

28 926 101 990 διον
122 927 319 1012 Τισικράτης
336 926 583 1010 Κροτωνιάτης,
607 927 767 1011 άρχοντος
782 924 944 1012 Ἀθήνησι
959 933 1041 993 Διο-

27 1036 159 1116 γνήτου.
210 1027 305 1098 οὗτοι
339 1034 588 1118 παραλαβόντες
624 1033 686 1116 την
722 1033 827 1119 ἀρχὴν
862 1033 1077 1113 καλάνδαις2

28 1142 270 1225 Σεπτεμβρίαις
292 1145 419 1206 θᾶττον
442 1138 462 1223 ἢ
486 1149 556 1218 τοῖς
577 1139 752 1226 προτέροις
775 1143 855 1218 ἔθος
877 1137 936 1226 ἦν,
960 1139 1041 1228 πρὶν

28 1245 46 1328 ἣ
71 1255 141 1312 τῶν
168 1247 281 1312 ἄλλων
302 1270 335 1311 τι
358 1246 605 1332 διαπράξασθαι
628 1246 757 1330 βουλὴν
779 1249 1042 1331 συγκαλέσαντες

28 1349 100 1437 περὶ
127 1360 185 1435 τῆς
211 1354 364 1420 καθόδου
393 1365 461 1419 τῶν
489 1354 678 1437 δημοτικῶν
705 1351 814 1437 λέγειν
837 1353 969 1438 ἠξίουν,
997 1355 1041 1436 ἣν
1055 1371 1081 1411 1⁰

28 1479 99 1523 τινα
123 1458 279 1524 διάνοιαν
298 1462 375 1544 ἔχει,
397 1468 531 1541 πρῶτον
550 1458 792 1543 ἀποφήνασθαι
809 1465 1041 1547 παρακαλοῦν-

28 1586 77 1641 τες
100 1565 210 1651 άνδρα
232 1565 362 1649 ἡλικίας
384 1563 420 1631 έν
443 1573 483 1650 τῇ
506 1567 662 1651 κρατίστη
686 1568 759 1632 τότε
783 1567 864 1631 ὄντα
887 1564 943 1630 καὶ
962 1583 1041 1632 συν-

29 1669 93 1736 έσει
122 1672 288 1737 δοκοῦντα
315 1681 383 1736 τῶν
411 1672 522 1736 ἄλλων
551 1670 741 1766 διαφέρειν,
769 1673 909 1755 μάλιστα
932 1669 963 1737 δ’
987 1670 1041 1737 έπλ

29 1785 65 1860 τῇ
96 1775 289 1863 προαιρέσει
321 1786 388 1842 τῶν
418 1779 669 1862 πολιτευμάτων
700 1777 958 1863 ἐπαινούμενον,
990 1778 1042 1843 ὅτι

2 1891 84 1966 ιλτῆς
107 1881 209 1968 μέσης
225 1882 347 1963 τάξεως
364 1878 419 1967 ἦν,
443 1883 519 1948 οὔτε
537 1884 599 1967 τὴν
618 1885 805 1958 αὐθάδειαν
824 1896 891 1950 τῶν
910 1884 1041 1970 ἀριστο-
1056 1903 1081 1945 ιι

29 2002 189 2074 κρατικόιυ
217 1989 329 2069 αὔξων
357 1989 434 2055 οὔτε
457 1997 502 2076 τῷ
527 1991 621 2078 δήμῳ
646 1991 708 2057 ὅσα
731 1993 917 2074 βουληθείη
940 1992 1041 2075 πράτ-

29 2119 93 2163 τειν
115 2096 311 2183 ἐπιτρέπων,
331 2094 515 2182 Ἀγρίππαν
529 2099 718 2180 Μενήνιον·
743 2097 780 2173 ὃς
803 2094 856 2162 έπδ
874 2098 932 2174 τάς
951 2097 1040 2163 διαλ·

30 2205 126 2285 λαγάς
161 2205 223 2288 την
260 2203 387 2287 βουλὴν
418 2203 596 2288 παρεκάλει
627 2204 704 2269 τάδε
737 2201 857 2286 λέγων·
903 2204 949 2267 Ec
978 2200 1074 2287 μὲν3

30 2309 161 2393 ἅπασιν,
194 2305 220 2375 ὦ
253 2313 374 2394 βουλή,
406 2318 477 2386 τοῖς
503 2317 648 2395 παροῦσι
678 2309 739 2392 τὴν
767 2308 873 2391 αὐτην
900 2309 1039 2393 γνώμην

30 2414 223 2500 συνέβαινεν
256 2419 358 2502 ἔχειν,
392 2413 448 2480 καὶ
479 2413 594 2501 μηδεὶς
626 2417 740 2499 ἔμελλε
770 2425 842 2492 ταῖς
868 2415 951 2500 πρὸς
977 2417 1038 2505 τὸν
1052 2434 1079 2474 νο

31 2521 132 2606 δῆμον
154 2523 347 2605 διαλλαγαῖς
370 2521 526 2606 ἐμποδὼν
549 2524 697 2606 ἔσεσθαι,
722 2519 775 2606 ἐφ’
798 2513 848 2598 οἷς
867 2517 948 2606 <δὲ>
969 2523 1039 2588 δια-

30 2630 198 2713 λυσόμεθα
229 2629 313 2714 πρὸς
344 2628 466 2706 αὐτοὺς
481 2703 484 2708 ,
498 2633 562 2694 είτε
594 2629 736 2706 δικαίοις
765 2624 862 2694 οὖσιν
890 2634 955 2694 εἴτε
983 2632 1040 2713 μη,

30 2735 112 2827 ὅμως
137 2743 241 2801 ταῦτα
269 2735 446 2821 προῦκειτο
469 2738 575 2820 μόνον
599 2747 752 2818 σκοπεῖν,
781 2732 826 2800 δι’
849 2735 972 2818 ὀλίγων
996 2734 1039 2800 δν

31 2840 103 2923 ὑμῖν
121 2840 273 2928 έδηλοισα
291 2844 413 2926 λόγων,
433 2841 453 2906 ἃ
472 2851 597 2928 φρονῶ.
631 2839 699 2906 ἐπεὶ
719 2838 756 2906 δὲ
774 2839 829 2908 καί
843 2841 925 2906 αὐτὸ
940 2843 1075 2908 τοῦτόί

1122 2718 1152 2770 *l

94 3007 109 3054 2
128 3019 158 3055 τε
178 2999 244 3054 αδδ.
263 2997 366 3054 Reiske
384 3002 388 3069 Ι
403 2999 575 3069 ποιτοόμιον
593 2999 617 3051 Β
635 3020 653 3052 ι
671 3001 772 3068 postea
791 2998 854 3052 add.
911 3005 927 3052 3
946 2999 1037 3068 Καμί-

31 3087 86 3125 νιον
103 3071 126 3126 Β
184 3075 200 3124 5
220 3065 426 3142 ἑβδομηκοστῆς
445 3069 494 3124 καί
513 3064 634 3144 ἑβδόμης
654 3070 676 3125 Ο
714 3064 736 3125 ἑ.
756 3069 806 3124 καί
824 3066 904 3124 δευτέ
924 3089 958 3131 ας
977 3068 1037 3137 Syl-

31 3137 95 3211 burg
113 3158 147 3197 ex
164 3141 244 3212 Lapo
327 3148 341 3196 7
361 3137 439 3197 νότοι
457 3139 668 3222 παραλαβόντες
686 3140 737 3210 την
756 3139 846 3212 ἀρχὴν
864 3089 952 3196 ιεδιιι
971 3143 1038 3194 ουλε

33 3205 73 3265 ἐπὶ
93 3221 141 3283 τῆς
158 3232 184 3269 v.
204 3220 221 3268 4
257 3213 391 3282 ponenda
413 3228 474 3267 esse
498 3229 520 3268 υ.
539 3212 684 3282 K1essling
705 3211 750 3267 Pr.
769 3211 833 3268 Bas.
852 3229 880 3282 p.
897 3216 928 3266 18
1003 3217 1036 3265 12

33 3275 59 3336 ἑν
75 3289 110 3358 τῷ
129 3286 267 3358 κρατίστῳ
285 3291 335 3353 τῆς
352 3283 463 3354 ἡλικίας
481 3300 504 3338 c.
523 3282 668 3352 Kiessling
685 3282 730 3338 Pr.
749 3283 812 3337 Bas,
832 3301 859 3352 p.
876 3291 891 3338 6
951 3289 982 3336 21
1004 3279 1036 3336 δὲ

33 3353 89 3409 add.
107 3355 209 3427 Pflugk
282 3361 316 3410 23
336 3353 438 3426 *ὁμόσε
456 3375 487 3410 τε
504 3354 559 3409 ΑΙ)
597 3352 670 3424 ὅμως
687 3350 723 3422 ἢν
741 3353 792 3409 BC
830 3352 1036 3423 δμολογήμασιν

33 3421 159 3482 Bfieheler
195 3427 340 3498 όμοσδενή
365 3446 396 3498 γε
418 3435 508 3482 ταῦτα
530 3425 676 3480 Meutzner
693 3442 720 3493 p.
740 3430 793 3479 266
830 3424 931 3494 δμοίως
953 3431 1036 3479 τοῦτο

33 3498 172 3566 προύκειτο
192 3498 314 3554 Schenkl
334 3517 360 3569 p.
376 3505 409 3554 37
430 3497 464 3553 cf.
485 3497 631 3552 Observat.
651 3510 729 3550 meas
748 3493 863 3548 criticas
880 3513 908 3564 p.
924 3501 976 3551 336
