2384 3902
140 215 205 282 256
567 217 731 268 -Ε-

106 379 177 444 3οί
201 379 265 463 γάρ
293 377 355 461 τὴν
383 377 613 462 αὐτοκράτορα
640 378 880 462 παρειληφότες
907 385 975 439 τῶν
998 376 1143 438 Λατίνων

141 487 353 569 στρατηγίαν,
376 486 546 568 Μαμίλιός
568 507 604 549 τε
626 481 683 548 καὶ
701 481 824 561 Σέξτος
847 481 883 547 ἐν
905 480 1043 567 Τύσκλῳ
1062 482 1144 544 πόλει

141 593 198 668 τάς
222 591 381 676 δυνάμεις
404 590 611 676 συνέχοντες,
635 589 920 674 παρεσκευάζοντο
940 584 1002 672 μέν
1021 587 1067 664 ὡς
1085 585 1144 651 ἐλά-

142 714 259 776 σοντες
290 695 345 763 ἐπὶ
375 697 438 781 τὴν
461 693 606 781 Ῥώμην,
639 695 815 761 ἐδαπάνων
843 691 879 760 δέ
907 697 1017 760 πολὺν
1044 695 1092 770 είς
1114 693 1143 756 τὸ

116 801 276 888 ιμέλλειν
307 805 448 889 χρόνον,
484 809 549 868 εἴτε
580 803 638 879 τάς
669 801 904 886 ὑστεριζούσας
936 799 1145 884 ἀναμένοντες

128 912 271 998 Ιπόλεις,
304 915 369 974 εἴτε
395 919 463 974 τῶν
491 908 591 993 ἱερῶν
620 907 735 983 αὐτοῖς
761 905 803 972 ού
825 905 1015 990 γινομένων
1037 911 1143 971 καλῶν.

143 1013 181 1080 ἐν
198 1016 308 1102 τούτῳ
325 1015 367 1098 δὴ
386 1022 431 1102 τῷ
450 1016 560 1100 χρόνῳ
579 1009 667 1090 τινὲς
686 1012 970 1098 ἀποσκιδνάμενοι
984 1021 1045 1078 τού
1061 1029 1144 1096 στρα-

108 1120 287 1189 4τοπέδου
314 1120 376 1204 τὴν
402 1121 515 1206 χώραν
542 1131 610 1186 τῶν
632 1115 802 1204 Ῥωμαίων
830 1121 1012 1205 ἐπόρθουν.
1058 1127 1175 1183 τοῦτοιολ

144 1227 264 1312 μαθὼν
288 1227 468 1312 ὑΛάρκιος
491 1224 684 1293 άποστέλλει
706 1228 765 1292 τὸν
779 1229 942 1291 Κλοίλιον
965 1222 1016 1291 ἐπ’
1035 1225 1144 1299 αύτοὺς

104 1355 131 1394 10
144 1335 270 1418 άνοντα
291 1343 359 1398 τῶν
383 1330 510 1398 ἱππέων
532 1356 568 1398 τε
590 1331 647 1398 καὶ
668 1337 777 1412 ψιλῶν
795 1335 874 1409 τοὺς
893 1331 1145 1418 ἀνδρειοτάτους.

145 1440 182 1518 δς
209 1437 381 1524 ἐπιφανεὶς
409 1439 522 1516 αὐτοῖς
550 1439 801 1525 ἀπροσδόκητος
824 1438 959 1522 ὀλίγους
982 1437 1044 1522 μέν
1067 1459 1145 1511 τινας

109 1622 112 1630 ,
145 1547 331 1612 ἀποκτείνει
363 1548 563 1630 μαχόμενος,
595 1547 674 1622 τοὺς
702 1541 739 1610 δέ
766 1547 904 1622 λοιποὺς
931 1545 1146 1630 αἰχμαλώτους

144 1653 314 1736 λαμβάνει.
351 1654 491 1730 τούτους
515 1651 695 1738 όΛάρκιος
718 1651 754 1716 ἐκ
776 1663 844 1717 τῶν
861 1653 1063 1737 τραυμάτων
1080 1651 1145 1715 άνα-

145 1759 258 1840 λαβὼν
289 1756 346 1824 καὶ
372 1770 444 1834 ταῖς
471 1759 586 1835 άλλαις
614 1759 861 1844 ἐκθεραπεύσας
888 1760 1146 1844 φιλανθρωπίαις

108 1885 133 1926 15
147 1862 338 1928 ἀπέστειλεν
365 1866 413 1940 είς
440 1865 591 1930 Τύσκλον
619 1864 769 1950 ἀθρόους
795 1865 877 1930 άνευ
906 1864 1055 1949 λύτρων,
1081 1885 1146 1946 πρε-

146 1970 285 2052 σβευτὰς
312 1971 376 2035 σὺν
405 1970 518 2046 αὐτοῖς
545 1968 676 2054 πέμψας
693 1967 863 2054 Ῥωμαίων
888 1973 968 2048 τοὺς
991 1969 1147 2054 ἐντιμοτά-

145 2099 232 2154 τους.
278 2071 372 2142 οὑτοι
411 2075 629 2162 διεπράξαντο
668 2077 872 2161 διαλυθῆναι
903 2079 943 2143 τὸ
975 2077 1148 2163 στράτευμα

145 2194 212 2249 τῶν
236 2186 394 2248 Λατίνων
426 2180 482 2247 καὶ
512 2181 672 2266 γενέσθαι
703 2195 775 2261 ταῖς
803 2186 942 2249 πόλεσιν
970 2183 1148 2257 ἐνιαυσίους

146 2290 277 2374 ἀνοχάς.
434 2336 436 2340 ,

107 2417 134 2458 νο
213 2395 377 2462 LXXVII.
405 2399 515 2461 Ταῦτα
540 2395 803 2482 διαπραξάμενος
826 2397 844 2462 ὑ
868 2396 953 2481 ἀνὴρ
977 2396 1078 2482 άπῆχε
1100 2397 1148 2470 τδς

147 2504 306 2588 δυνάμεις
330 2501 366 2568 ἐκ
390 2511 448 2586 της
470 2501 642 2588 ὑπαίθρου
665 2501 722 2568 καὶ
743 2501 824 2588 πρὶν
847 2503 868 2588 ἣ
891 2503 1001 2569 πάντα
1022 2505 1079 2568 τὸν
1099 2509 1148 2583 τῆς

147 2608 297 2687 ἐξουσίας
325 2608 534 2694 ἐκπληρῶσαι
562 2612 687 2694 χρόνον
714 2609 862 2686 ὑπάτους
884 2610 1060 2689 ἀποδείξας
1081 2606 1147 2673 άτέ-

146 2721 226 2780 θετο
245 2715 307 2798 τὴν
326 2716 432 2801 ἀρχὴν
451 2713 521 2781 οὔτ’
540 2715 735 2809 ἀποκτείνας
753 2715 882 2782 οὐδένα
895 2711 1065 2801 Ῥωμαίων
1083 2709 1143 2780 οὔτ’

147 2819 300 2900 ἐξελάσας
317 2831 376 2905 της
392 2823 552 2906 πατρίδος
571 2819 641 2888 οὔτ’
660 2823 742 2908 άλλη
761 2829 920 2908 συμφορᾷ
939 2823 1057 2910 βαρείᾳ
1068 2842 1146 2904 περι-

107 2907 259 3023 Ξβαλὼν
282 2927 431 3015 οὐδεμιᾷ.
468 2923 567 3006 οὗτος
586 2929 603 2995 ὁ
624 2933 718 3014 ζῆλος
736 2924 791 2993 ἀπ’
809 2927 940 2994 ἐκείνου
957 2937 1019 2994 τοῦ
1039 2926 1146 3011 ἀνδρὸς

147 3033 329 3120 ἀρξάμενος
356 3034 459 3099 άπασι
486 3033 663 3120 παρέμεινε
690 3046 760 3112 τοϊς
785 3035 995 3119 λαμβάνουσι
1017 3035 1077 3118 τὴν
1096 3031 1171 3096 αύῑθ

146 3142 208 3223 την
228 3139 383 3218 ἐξουσίαν
401 3140 477 3224 άχρι
490 3147 548 3222 τῆς
560 3143 672 3225 τρίτης
685 3143 750 3227 πρὸ
764 3140 860 3226 ἡμῶν
873 3149 998 3224 γενεᾶς.
1032 3136 1144 3206 οὐδένα

222 3333 234 3376 1
257 3323 286 3378 ολ
302 3325 346 3380 δὲ·
365 3327 417 3394 τὴν
433 3327 454 3380 0
473 3332 586 3396 praeter
599 3329 622 3380 B
651 3327 681 3384 οί
691 3329 744 3400 χδιρ
759 3330 811 3398 τὴν
826 3307 943 3384 ὃυὴδδθτ
956 3329 1015 3386 ind.
1030 3327 1144 3384 Porsonis

151 3385 257 3446 Hechb.
329 3400 362 3448 15
380 3394 518 3468 ἀθρόους]
537 3399 653 3463 ἀδύτους
671 3415 694 3456 ο.
715 3399 837 3470 Sylburg
911 3407 945 3455 16
964 3397 1144 3470 ἐντιμοτάτους

151 3455 174 3505 Β
211 3455 449 3526 ἐπιφανεστάτους
466 3465 492 3518 R
