2394 3912
130 220 197 284 374
558 227 721 276 -ς-

127 381 184 448 καὶ
211 381 353 468 ἑταίρων
379 382 436 449 καὶ
458 383 656 468 ὁμοσκήνων
679 382 920 468 ἀποβαλόντες,
948 382 1143 467 ἐνικήσαμεν

127 492 207 566 τοὺς
233 493 413 574 πολεμίους
439 487 494 555 καί
521 493 601 568 τοὺς
627 491 794 575 ἡγεμόνας
821 489 934 555 αὐτῶν
956 489 1143 555 ἀπειαείνα-

127 619 190 680 μεν
203 594 260 662 καὶ
272 597 334 680 τήν
347 598 522 681 βασιλικήν
536 595 735 681 συγγένειαν
749 598 882 662 ἅπασαν
895 598 1143 682 διεφθείραμεν.

194 702 323 769 LXXV.
345 701 385 768 “A
403 699 465 788 μὲν
484 705 525 787 δή
545 706 593 780 είς
609 705 648 769 τὸ
667 709 961 789 συνελευθερῶσαι
978 703 1066 788 ὑμᾶς
1084 703 1143 770 ἀπὸ

28 833 44 865 2
100 819 195 874 ιτων
228 809 406 895 τνράννων
431 813 669 896 παρεσχόμεθα
696 807 779 896 ὑπὲρ
809 811 956 895 δύναμιν
982 811 1084 894 (διὰ)
1109 812 1142 875 τὸ

127 914 254 982 ἑαυτῶν
276 919 468 1003 πρόθυμον,
492 917 553 1001 οὐχ
576 917 642 983 ὑπὸ
665 926 727 983 τοῦ
748 916 934 1000 ἀναγκαίου
953 923 1084 1001 μᾶλλον
1102 920 1143 995 είς

126 1021 209 1089 αὐτὸ
227 1025 447 1102 καταστάντες
469 1023 490 1108 ή
513 1022 568 1089 ὑπ’
592 1023 724 1110 ἀρετῆς,
746 1022 840 1091 ταῦτ’
862 1024 963 1090 ἐστιν.
1002 1023 1024 1088 δ.
1047 1019 1081 1089 δ’
1101 1027 1142 1102 είς

126 1130 164 1194 τὸ
187 1134 352 1214 τιμᾶσθαί
370 1153 406 1195 τε
429 1127 484 1196 καὶ
503 1115 618 1215 ἄρχειν
640 1129 763 1217 ἑτέρων
782 1131 985 1197 δυναστείαν
1003 1155 1039 1197 τε
1057 1153 1142 1217 περι

125 1234 290 1319 βαλέσθαι
318 1240 415 1323 μείζω
436 1231 463 1321 ἡ
492 1239 574 1302 κατὰ
601 1238 664 1322 τήν
691 1237 725 1316 ἐξ
754 1238 856 1324 ἀρχῆς
885 1239 1025 1324 δόκησιν
1049 1238 1142 1304 ἀπού-

88 1361 114 1399 10
129 1359 218 1427 σατε,
241 1341 297 1409 καὶ
320 1345 419 1427 ὅπως,
443 1343 502 1410 ἐόν
524 1367 556 1408 τι
579 1344 779 1431 παρατρέψω
802 1345 986 1428 τὸνλόγον
1006 1344 1141 1424 ἐξωτοῦ

127 1449 293 1536 ἀληθοῦς,
326 1452 436 1536 ὥσπερ
464 1449 519 1516 καί
547 1450 730 1536 ἀρχόμενος
758 1446 868 1535 εἷπον,
901 1451 1143 1518 ἐναντιώσεσθέ

91 1556 112 1620 2
126 1580 193 1640 μοι.
229 1557 311 1642 ὑμῖν
328 1558 393 1643 γὰρ
408 1557 521 1642 ἐπειδή
537 1559 574 1623 τὸ
589 1554 736 1642 ἀσφαλὲς
750 1567 807 1641 τής
821 1558 1017 1641 ἐλευθερίας
1031 1558 1140 1637 ἔδοξεν

126 1658 212 1728 εἶναι
235 1662 384 1748 βέβαιον,
408 1663 470 1729 οὐκ
494 1661 680 1749 ἀπέχρησεν
703 1661 757 1729 ἐπὶ
776 1665 899 1730 τούτου
918 1662 1046 1749 μένειν,
1070 1662 1191 1733 ἀλλίιιν

126 1767 179 1834 ἐπὶ
201 1770 240 1834 τὸ
263 1775 390 1854 τολμᾶν
412 1768 468 1835 καὶ
490 1780 744 1855 νεωτεροποιεῖν
768 1770 989 1856 ὁρμήσαντες,
1018 1772 1139 1856 ἐχθρὸν

85 1892 111 1932 1⁵
126 1873 156 1939 δ’
184 1881 265 1953 ίσως
291 1877 379 1942 ἅπαν
406 1877 588 1962 ἡγούμενοι
613 1879 651 1942 τὸ
679 1881 916 1963 περιεχόμενον
939 1877 1138 1964 ἐλευθερίας,

124 1980 180 2048 καὶ
211 1993 333 2069 μικροῦ
366 1985 438 2049 δεῖν
470 1985 553 2069 πρὸς
584 1985 732 2060 ἅπαντας
764 1984 968 2071 ἀνθρώπους
997 1989 1138 2070 πόλεμον

125 2088 374 2174 ἀναδείξαντες,
406 2096 454 2168 είς
482 2092 612 2157 ἅπαντα
641 2093 682 2156 τὰ
709 2093 956 2176 κινδυνεύματα
983 2090 1040 2158 καί
1067 2095 1137 2168 τοὺς
1189 2115 1190 2172 χ

124 2195 208 2284 ὑπὲρ
245 2207 304 2282 τὴς
335 2196 525 2276 πλεονεξίας
555 2198 678 2280 ταύτης
709 2197 841 2281 ἀγῶνας
871 2208 942 2275 τοῖς
973 2197 1137 2283 ἡμετέροις
1189 2189 1190 2244 ί

89 2303 235 2392 δῷεσθε
259 2306 331 2370 δεῖν
354 2311 583 2390 καταχρῆσθαι
607 2304 769 2388 σώμασιν.
810 2305 891 2382 όσας
912 2301 975 2389 μὲν
999 2301 1063 2370 οὖν
1084 2308 1135 2370 πό-

85 2428 111 2468 20
126 2418 194 2488 λεις
225 2413 307 2477 κατὰ
339 2414 419 2496 μίαν
451 2407 507 2475 καὶ
538 2410 602 2475 δύο
629 2403 839 2494 πολεμούσας
865 2411 947 2495 ὑμῖν
974 2409 1059 2497 ὑπὲρ
1086 2421 1136 2494 τῆς

125 2519 330 2604 ἐλευθερίας,
352 2520 412 2595 τὰς
434 2514 495 2603 μὲν
518 2517 554 2583 ἐκ
576 2516 788 2603 παρατάξεως
810 2517 1062 2603 χειρωσόμενοι,
1084 2520 1135 2594 τὰς

125 2623 162 2690 δὲ
184 2628 407 2711 τειχομαχίαις
430 2623 562 2701 ἑλόντες
583 2623 753 2708 ὑπηκόους
775 2618 994 2709 ἐποιήσαμεν,
1017 2625 1069 2692 ἐῶ.
1107 2627 1137 2690 τί
1188 2647 1189 2664 ¹

122 2735 187 2819 γὰρ
207 2735 261 2798 δεῖ
277 2734 359 2798 κατὰ
378 2732 497 2818 μικρὸν
516 2729 625 2815 λέγειν
643 2732 703 2808 τὰς
721 2731 854 2816 πράξεις
866 2733 1036 2816 τοσαύτην
1049 2735 1133 2818 ἐχου-

122 2865 182 2918 τας
204 2842 315 2922 λόγων
335 2839 523 2924 ἀφθονίαν;
548 2838 631 2904 ἀλλά
649 2841 841 2924 Τυρρηνίαν
860 2839 993 2904 ἀπασαν
1012 2841 1058 2916 είς
1076 2839 1132 2903 δό-

83 2964 109 3005 25
124 2951 204 3014 δεκα
232 2945 461 3033 νενεμημένην
487 2946 666 3030 ἡγεμονίας
692 2942 748 3011 καὶ
774 2951 879 3030 πολλή
907 2941 970 3029 μέν
997 2954 1037 3032 τὴ
1057 2946 1132 3012 κατὰ

122 3066 202 3142 χὴν,
231 3059 338 3140 πολλῇ
368 3050 405 3118 δὲ
432 3061 472 3137 τῇ
499 3053 583 3117 κατὰ
609 3053 781 3118 θάλατταν
804 3053 984 3140 δυναστείᾳ
1007 3074 1131 3138 περιου-

123 3289 138 3334 ι
159 3219 211 3333 τί»
228 3211 279 3332 διὰ
299 3210 364 3332 αδδ
377 3207 998 3335 ffissssssssssisswzsszssffz2352*ss12⁰·
1019 3207 1130 3352 8δέῗὲ

124 3351 207 3467 ήμιον
230 3347 305 3403 εἷναι
329 3347 468 3416 ἐδοξενΒ
560 3356 592 3404 15
612 3349 734 3418 δεήσεως
750 3353 776 3404 A
812 3351 861 3404 καί
886 3351 924 3414 ὡς
941 3350 989 3406 Ba
1023 3348 1053 3406 δὲ
1073 3353 1130 3411 ἴσως

151 3418 170 3468 b
207 3413 247 3470 δι’
264 3421 325 3486 ἴσης
343 3435 366 3472 ο.
385 3417 489 3473 Reinke
563 3428 595 3474 17
616 3419 656 3482 είς
674 3429 764 3475 ταῦτα
780 3420 807 3474 A
842 3423 883 3484 είς
900 3421 1036 3478 πύνταΒ
1101 3426 1129 3474 19

125 3484 233 3537 ὤεσθαι
252 3486 297 3538 Ba
334 3491 431 3543 οἴεσθε
449 3489 497 3542 Bb
513 3492 518 3558 Ι
534 3487 585 3544 οὖν
603 3507 657 3545 om.
676 3490 729 3545 AB
