2400 3912
469 223 634 272 -Ε-
998 219 1061 284 169

50 393 115 460 τοῖς
137 381 280 470 ἀνδράσι
302 382 359 449 καί
381 383 544 466 κάθοδον,
569 380 766 468 αἰτιωμένης
788 390 846 467 τῆς
864 385 989 468 βουλῆς
1006 383 1064 460 τὰς

51 489 126 575 ἀρδς
158 487 214 556 καὶ
245 491 326 567 τοὺς
357 489 479 576 ὅρκους
505 491 585 566 τοὺς
612 485 816 574 γενομένους
842 484 914 554 κατ’
941 488 1063 572 αὐτῶν,

51 597 122 661 οὐτε
150 598 210 674 τὰς
237 596 353 674 οὐσίας
376 593 581 680 ἀνεπράξατο
606 595 733 678 αὐτοῖς,
763 605 831 660 τῶν
855 594 1064 680 διανειμαμέ-

49 725 115 767 νων
146 700 205 768 καί
236 702 623 788 κατακληρουχησάντων
656 702 758 779 αὐτὰς
790 701 851 768 οὐκ
878 699 1062 780 ἀξιούντων

50 808 261 874 ἀποδιδόναι·
284 809 481 894 ὑβρίζεσθαι
500 812 611 895 φήσας
628 808 694 874 ὑπὸ
708 804 879 894 Ῥωμαίων
896 806 952 875 καὶ
971 787 1099 903 δεινά,2

49 914 199 1000 πάσχειν,
233 916 284 981 ότι
316 926 384 981 τῶν
411 914 619 1001 ἀξιουμένων
648 914 828 1002 οὐδετέρου
854 912 930 1002 παρ’
953 915 1064 982 αὐτῶν

50 1022 177 1106 ἔτυχεν,
206 1021 292 1109 ἀνὴρ
316 1022 470 1106 αὐθάδης
492 1021 548 1088 καὶ
571 1021 820 1108 διεφθαρμένος
842 1024 904 1107 τὴν
926 1023 1065 1107 γνώμην

49 1126 108 1192 ὑπό
139 1151 179 1194 τε
210 1130 359 1195 πλούτου
388 1127 446 1195 καὶ
471 1129 649 1215 χρημάτων
676 1126 731 1195 καὶ
759 1128 861 1215 ἀρχῆς
888 1126 1064 1213 μεγέθους,

52 1233 204 1320 ἀφορμάς
221 1233 388 1320 ὑπέλαβεν
406 1238 495 1321 ἔχειν
513 1237 615 1313 καλὰς
627 1239 810 1302 καταλῦσαι
823 1235 886 1318 την
894 1229 1064 1319 Ῥωμαίων

50 1339 150 1426 ἀρχὴν
180 1344 381 1429 παλαίτερον
409 1345 457 1408 ἔτι
479 1351 578 1410 τοῦτο
601 1345 807 1427 βουλόμενος
829 1339 884 1406 καὶ
907 1351 1065 1426 προεῖπεν
1079 1360 1105 1400 ιο

52 1446 161 1526 αὐτοῖς
188 1449 249 1514 τὸν
276 1451 432 1534 πόλεμον.
479 1448 643 1536 συνῄρετο
667 1444 698 1513 δ’
721 1447 810 1536 αὐτῷ
834 1455 895 1513 τοῦ
917 1445 1098 1531 πολέμου3

51 1562 157 1619 πᾶσαν
186 1557 384 1641 προθυμίαν
407 1554 578 1634 ἀποδεῖξαι
601 1557 806 1640 βουλόμενος
829 1554 847 1620 ὁ
876 1557 1065 1640 Ταρκυνίου

53 1662 197 1748 γαμβρὸς
220 1659 409 1740 Ὀκταούιος
436 1665 623 1747 Μαμίλιος,
655 1661 692 1728 ἐκ
718 1664 846 1738 πόλεως
873 1661 1066 1746 ὁρμώμενος

57 1768 218 1852 Τύσκλου,
239 1770 451 1854 Καμερίνους
469 1764 530 1853 μέν
548 1767 603 1834 καί
618 1765 847 1853 Ἀντεμνάτας,
868 1770 903 1834 οἳ
917 1775 979 1832 τοῦ
998 1771 1066 1832 Λα-

51 1875 149 1939 τίνων
178 1883 330 1959 μετεῖχον
356 1872 491 1958 γένους,
520 1875 666 1951 ἅπαντας
693 1873 897 1959 ἐπαγόμενος
924 1873 1065 1960 ἀφεστη-
1080 1893 1106 1934 1⁵

11 1983 147 2058 894κότας
177 1981 243 2064 ἥδη
267 1975 437 2065 Ῥωμαίων
463 1979 500 2046 έκ
528 1988 589 2046 τοῦ
617 1990 782 2066 φανεροῦ·
818 1981 907 2067 παρδι
935 1977 971 2047 δὲ
999 1992 1066 2047 τών

52 2088 161 2152 ἀλλων
193 2087 386 2171 ὁμοεθνῶν,
420 2080 470 2165 οἷς
502 2087 564 2154 οὐκ
593 2083 637 2172 ἦν
664 2085 883 2173 βουλομένοις
909 2093 1066 2173 πολεμεῖν

54 2193 249 2277 ἀναφανδὸν
282 2192 457 2282 ἐνσπόνδῳ
489 2217 524 2260 τε
555 2193 612 2260 καί
643 2197 789 2280 μεγάλην
820 2196 917 2279 ίσχὺν
944 2193 1065 2280 έχούση

53 2303 143 2366 πόλει
163 2302 219 2366 διδ
237 2301 423 2386 προφάσεις
442 2301 505 2367 οὐκ
518 2301 708 2386 ἀναγκαίας,
729 2295 907 2378 έθελοντδς
921 2302 1066 2385 συχνοὺς

55 2407 120 2494 ίδίηι
142 2408 304 2486 πεπεικὼς
326 2408 444 2494 χάριτι.
1080 2427 1107 2470 20

117 2513 223 2581 XXII.
260 2518 370 2579 Ταῦτα
402 2517 568 2599 μαθόντες
600 2514 635 2579 οί
659 2525 726 2580 τῶν
748 2507 919 2598 Ῥωμαίων
946 2513 1067 2580 ὕπατοι

55 2631 183 2704 πρῶτον
207 2617 269 2705 μὲν
292 2623 332 2686 τδι
355 2620 392 2686 έκ
413 2633 480 2687 των
504 2621 617 2707 ἀγρῶν
639 2620 789 2706 χρήματά
811 2643 847 2685 τε
869 2619 926 2686 καί
946 2623 1067 2706 βοσκή-

57 2749 137 2809 ματα
159 2727 216 2793 καλ
239 2726 434 2812 ἀνδράποδα
454 2727 607 2811 μετάγειν
625 2737 695 2805 τοῖς
712 2737 873 2813 γεωργοῖς
892 2727 1068 2794 ἐκέλευσαν

57 2834 101 2910 είς
121 2835 161 2899 τά
183 2837 328 2919 πλησίον
351 2836 414 2919 όρη
437 2835 585 2920 φρούρια
604 2834 909 2912 κατασκευάσαντες
927 2833 980 2900 ἐπὶ
998 2847 1068 2914 τοῖς

58 2937 209 3024 ἐρυμνοῖς
242 2940 340 3007 ίκανδι
369 2941 485 3020 σώζειν
512 2943 591 3018 τοὺς
618 2941 664 3018 είς
693 2941 776 3006 αὐτδι
798 2944 1066 3026 καταφυγόντας·
1081 2959 1107 3000 τε

60 3047 164 3113 ἔπειτα
186 3049 247 3114 τὸν
266 3048 475 3131 καλούμενον
494 3041 678 3114 Ἰανίκολον
697 3049 816 3132 όχθον·
840 3050 909 3113 ἔστι
925 3045 961 3112 δὲ
975 3045 1064 3114 τοῦτ’

125 3276 292 3348 2ἀρ.διςΒ
365 3279 528 3347 8μεγίστης
548 3275 569 3330 Ο
588 3275 741 3344 praeterB
807 3281 838 3329 12
858 3277 1069 3342 ἀποδείξασθαι

62 3361 83 3399 ο,
100 3346 197 3404 Garrer
223 3348 289 3404 obs.
308 3367 335 3418 p.
351 3355 385 3403 22
477 3355 509 3402 13
526 3345 711 3410 ὈκταύιοςΒ
804 3353 837 3401 14
859 3347 1000 3402 Τούσκλου
1019 3347 1066 3420 B}

62 3436 78 3468 κ
94 3418 259 3490 ἀμερίμνους
281 3420 328 3473 Ba
364 3421 540 3489 καμερηνούς
562 3419 609 3472 Bb
682 3424 717 3472 20
735 3418 970 3482 διαπεπεικώςΟ
1009 3417 1068 3494 ίδίηι

62 3491 193 3554 πεπεικὼς
211 3489 315 3547 Reiske
388 3497 421 3544 22
440 3509 470 3544 τε
490 3488 554 3545 εδδ.
573 3490 596 3542 Β
