2384 3902
571 185 732 238 ..ς-

141 353 225 410 αὕτα
244 343 498 430 διαφερομένων
517 355 584 410 τῶν
603 344 740 410 ὑπάτων
758 345 840 410 κατὰ
857 353 945 428 σφᾶς
964 345 1080 420 αύτούς
1095 343 1138 410 καὶ

141 451 239 517 ὁπότε
262 454 447 535 συναχθείη
472 449 652 536 συνέδριον
675 448 731 516 καὶ
755 452 1056 535 συλλαμβανόντων
1074 456 1138 518 πολ-

141 562 211 624 λῶν
234 555 391 646 ἑκατέρῳ,
418 557 439 640 ἡ
463 554 525 642 μὲν
548 558 654 642 βουλὴ
678 560 884 642 φιλονεικίας
908 555 964 624 καὶ
987 558 1138 640 θορύβους

140 662 208 751 καὶ,
229 667 351 748 λόγους
382 664 564 749 ἀκόσμους,
599 657 649 741 οἷς
683 663 848 748 ἀλλήλους
879 663 1136 749 προύπηλάκιζον,

113 770 323 854 τάκούσασα,
348 774 515 858 σωτήριον
539 768 576 838 δὲ
598 771 769 856 βούλευμα
793 767 895 836 οὐδὲν
918 768 1136 854 καθισταμένη,

142 878 299 943 διελύετο.

206 982 311 1048 XXV.
338 980 609 1069 Διατριβομένου
633 980 662 1048 θ’
687 986 734 1060 εἰς
756 991 859 1048 ταῦτα
881 986 1011 1047 πολλοῦ
1033 985 1175 1066 χρόυοο1ιει

141 1087 158 1152 ὁ
182 1087 294 1174 ἕτερος
316 1099 384 1154 τῶν
407 1089 542 1184 ὑπάτων
566 1094 779 1176 Σερουίλιος·
811 1085 855 1172 ἤν
877 1091 942 1174 γάρ
966 1089 987 1171 ἤ
1007 1093 1136 1174 στρατεία

139 1196 222 1260 κατά
254 1201 379 1281 κλῆρον
412 1195 528 1282 ἐκείνῳ
560 1199 792 1281 προσήκουσα·
829 1200 936 1280 πολλῆ
967 1197 1074 1279 θεῆσει
1097 1195 1136 1260 καὶ

100 1323 126 1362 ιο
139 1304 303 1388 θεραπείᾳ
325 1302 663 1387 παρασκευασάμενος
684 1303 723 1367 τὸ
745 1302 927 1386 δημοτικὸν
946 1301 1137 1388 συνάρασθαι

140 1416 201 1472 τοῦ
229 1407 393 1492 πολέμου,
423 1409 569 1493 δύναμιν
594 1412 678 1493 έχων
703 1408 766 1474 οὐκ
788 1407 824 1474 έκ
847 1411 1035 1491 καταλόγου
1056 1425 1137 1492 προσ-

139 1514 406 1599 ηναγκασμένην,
425 1513 498 1581 ἀλλ’
517 1514 684 1598 ἑκούσιον,
705 1516 751 1592 ὡς
765 1516 801 1580 οί
811 1512 922 1600 καιροὶ
937 1515 1136 1601 παρεκάλουν,

140 1619 280 1704 έξῆλθεν
312 1619 365 1686 ἐπὶ
396 1623 455 1688 τὸν
484 1624 632 1706 πόλεμον
665 1625 713 1688 έτι
744 1632 812 1688 τῶν
841 1621 1066 1704 Οὐολούσκων
1092 1643 1136 1686 πα-

140 1725 434 1810 ρασκευαζομένων
448 1725 504 1792 καὶ
518 1725 699 1813 Ῥωμαίους
712 1724 774 1813 μὲν
788 1728 865 1792 οὔτε
879 1727 1135 1812 προσδεχομένων

101 1852 126 1892 ιι
140 1832 221 1916 μετὰ
254 1832 427 1917 δυνάμεως
458 1832 549 1917 ἤξειν
582 1833 635 1900 ἐπὶ
668 1843 771 1920 σφᾶς,
804 1834 891 1900 οὕτω
920 1845 1134 1908 στασιαστικῶς

139 1939 419 2023 πολιτευομένους
450 1938 506 2006 καὶ
539 1940 669 2025 ἐχθρῶς
702 1944 838 2026 ἔχοντας
869 1942 953 2026 πρὸς
984 1939 1133 2024 ἀλλήλους,

140 2037 211 2108 οὔτ’
232 2045 280 2121 είς
307 2055 419 2129 χεῖρας
446 2045 538 2129 ἤξειν
567 2058 637 2122 τοῖς
666 2046 818 2112 ἐπιοῦσιν
846 2045 1024 2130 οἰομένων·
1058 2049 1133 2130 σφίσι

140 2146 177 2215 δὲ
214 2151 342 2233 πολλὴν
374 2150 529 2230 ἐξουσίαν
561 2152 723 2237 ὑπάρχειν
756 2151 854 2218 ὁπότε
886 2153 1063 2236 βούλοιντο
1090 2162 1134 2216 τοῦ

104 2257 286 2341 2πολίμου
318 2259 441 2342 άρχειν.
463 2284 465 2288 ’
487 2257 601 2343 ἐπειδὴ
635 2256 668 2323 δ’
704 2257 856 2344 ᾔσθοντο
887 2264 1045 2344 πολεμεῖν
1071 2256 1132 2324 όέον

101 2385 127 2424 ιο
142 2362 238 2429 αὐτοὶ
264 2365 524 2449 πολεμούμενοι,
552 2369 625 2431 τότε
654 2367 696 2450 θη
720 2370 1006 2450 καταπεπληγότες
1028 2369 1064 2433 τὸ
1083 2376 1133 2430 τῶν

135 2465 305 2553 Ῥωμαίων
325 2471 434 2554 τάχος,
459 2471 624 2556 ἱκετηρίας
643 2471 866 2556 ἀναλαβόντες
884 2471 1007 2538 ἐκτῶν
1025 2473 1174 2536 πόλεωνθθ

140 2575 175 2641 οί
204 2580 392 2662 γεραίτατοι
423 2573 594 2663 προῄεσαν
626 2576 855 2664 ἐπιτρέποντες
886 2586 933 2666 τῷ
967 2579 1133 2664 Σερουιλίῳ

211 2810 227 2857 2
246 2802 277 2857 τό
298 2801 446 2874 συνέδριον
465 2820 488 2857 ο.
509 2804 631 2873 Sylburg
650 2805 698 2872 qui
717 2805 766 2860 καλ
785 2805 840 2861 del.
904 2812 920 2859 3
941 2799 1079 2874 ἑκατέρων
1094 2802 1132 2855 ΑΒ

140 2868 262 2944 ἑκατέρω
281 2873 358 2928 DEb
374 2879 380 2944 Ι
395 2875 444 2929 καὶ
462 2876 605 2947 θορύβους
622 2879 689 2946 post
707 2875 884 2947 άκόσμουςΒ
939 2873 1134 2944 Nummum-
1171 2901 1172 2912 2

139 2929 259 3011 κιξονΟ
323 2945 590 3016 ὅκαταστησοιμένη
611 2965 633 3002 ο.
652 2946 756 3001 Reiske
812 2945 965 3018 8στρατιὰ
983 2947 1064 3000 ABD
1111 2951 1132 2997 11

140 3014 210 3086 ἔχον,
284 3021 317 3071 15
337 3017 576 3080 στασιαστικῶςΒ
613 3027 815 3090 στρατιωτικῶς
833 3018 916 3072 ADE
997 3025 1031 3073 16
1050 3016 1134 3087 ἔχθραι

138 3087 162 3140 Β
236 3093 269 3142 17
288 3089 358 3154 τοῖς]
382 3089 478 3150 αύτοίς
501 3088 605 3142 Reiske
684 3095 716 3144 18
736 3089 904 3162 βούλοιτοΒ
985 3096 1017 3144 19
1036 3088 1133 3158 ἤρχοντο
1170 3107 1171 3116 ’

142 3157 163 3210 0
201 3154 326 3226 ᾔσθοντο
344 3158 449 3212 Βείελτο
482 3154 579 3228 ἐπειδὴ
600 3157 627 3213 θ’
644 3159 764 3230 ἤρχοντο
782 3164 970 3230 πολεμεῖσθαι
989 3159 1055 3214 θέον
1071 3155 1133 3212 αότοί

140 3230 273 3295 πολεμεῖν
292 3243 314 3279 ο.
335 3228 458 3296 Sylburg
479 3229 523 3282 vel
545 3229 576 3283 τὸ
596 3230 662 3285 θέον
686 3232 872 3300 expungenda
894 3231 942 3286 vel
962 3229 1030 3286 θέον
1053 3229 1134 3288 αὐτοὺς

141 3298 325 3363 πολεμεῖσθαι
349 3297 471 3366 legenda
494 3314 517 3354 ο.
541 3299 641 3354 Portus
679 3297 777 3370 έτειθῆ
801 3300 830 3356 θ’
856 3301 976 3372 ἤρχοντο
1000 3301 1078 3356 αύτολ
1096 3318 1134 3353 πο

143 3363 315 3430 λεμούμενοι,
334 3365 395 3420 τότε
415 3368 450 3436 δὴ
468 3373 600 3438 πολεμεῖν
619 3371 686 3426 θέον
705 3370 1134 3440 c.Sch1'1elleExerc.orit.p.34

144 3433 177 3480 22
196 3435 351 3500 γεραίτεροι
368 3436 391 3487 Β
408 3439 413 3506 ἤ
428 3437 587 3506 προσῄεσαν
606 3441 628 3493 Β
