2384 3902
561 175 721 227 -ς-

132 335 404 422 ἀμφισβητήσεις,
428 334 466 414 ἀς
490 337 546 402 διὰ
568 336 628 401 τὸν
650 336 797 420 πόλεμον
821 333 1058 418 ἀνεβάλλοντο,
1079 335 1135 416 κρί-

130 448 253 508 νεσθαι
275 445 359 508 κατά
382 445 461 519 τοὺς
484 443 623 527 νόμους·
655 451 724 508 τῶν
748 437 785 506 δὲ
807 439 885 526 περὶ
907 440 966 517 τάς
984 445 1136 506 συναλλα-

129 549 192 632 χδις
217 549 524 636 ἀμφισβητημάτων
548 551 595 626 είς
617 549 783 634 μεγάλους
804 547 982 625 κλύδωνας
1003 545 1059 612 καὶ
1081 549 1136 612 δει-

130 656 192 733 νάς
218 657 477 740 προβεβηκότων
505 653 643 731 ἀτοπίας
664 677 700 718 τε
723 651 779 718 καὶ
800 653 1050 738 ἀναισχυντίας,
1079 664 1135 718 τῶν

103 757 192 846 ῡμδν
216 763 404 847 δημοτικῶν
428 761 602 839 ἀδυνάτως
624 763 713 846 ἔχειν
735 759 974 846 σκηπτομένων
997 761 1135 826 διαλύειν

129 870 170 932 τά
192 867 287 953 χρέα,
310 870 420 954 χώρας
442 865 473 934 τ’
501 869 614 946 αὐτοῖς
637 867 841 953 κεκομμένης
865 868 902 934 έν
923 875 970 955 τῷ
993 873 1176 932 πολυετεῑῑθλλ

129 972 263 1061 πολέμῳ
290 972 345 1040 καὶ
372 977 594 1060 βοσκημάτων
618 973 879 1059 διεφθαρμένων
902 972 957 1040 καλ
980 973 1133 1058 ἀνδραπό-

130 1080 201 1146 δων
232 1080 446 1164 αὐτομολίαις
473 1080 529 1148 καὶ
556 1082 780 1166 καταδρομαῖς
807 1080 1062 1147 σπανισθέντων
1087 1089 1133 1163 τῆς

129 1208 164 1251 τε
197 1188 280 1252 κατά
311 1189 411 1254 πόλιν
445 1190 590 1272 κτήσεως
622 1186 874 1276 ἐξανηλωμένης
905 1198 978 1265 ταῖς
1009 1189 1054 1264 εἰς
1083 1189 1132 1270 τήν

91 1309 118 1352 10
132 1297 307 1379 στρατείαν
340 1294 516 1372 δαπάναις·
552 1305 620 1359 τῶν
653 1292 690 1359 δὲ
723 1295 907 1360 δανειστῶν
938 1294 1058 1370 ταύτας
1083 1289 1132 1377 μὶν

129 1400 187 1476 τὰς
216 1401 392 1486 συμφοράς
421 1400 538 1485 ὁμοίας
564 1401 667 1466 άπασι
695 1399 871 1484 μεμονέναι
898 1403 1064 1483 λεγόντων
1086 1396 1132 1464 καὶ

130 1505 171 1571 οὐ
201 1507 317 1590 μόνοις
344 1517 414 1584 τοῖς
442 1506 710 1592 χρεωφειλέταις,
742 1507 804 1572 οὐκ
832 1506 972 1574 ἀνεκτὸν
996 1503 1025 1571 δ’
1046 1505 1132 1589 ήμου-

129 1610 242 1697 μένων
266 1615 363 1696 σφίσι
386 1613 430 1696 μή
455 1616 577 1697 μόνον,
601 1613 623 1679 δ
646 1615 702 1680 διὰ
724 1615 784 1680 τὸν
806 1616 955 1698 πόλεμον
977 1611 1132 1698 ἀφῃρέθη·
1175 1667 1176 1674 ,

130 1733 194 1782 σαν
216 1718 282 1783 ὑπὸ
305 1729 374 1783 τῶν
398 1719 542 1806 ἐχθρῶν,
565 1719 650 1784 ἀλλὰ
672 1717 728 1785 καὶ
751 1719 772 1784 ἀ
796 1719 970 1805 δεομένοις
992 1717 1057 1784 τισὶ
1075 1728 1131 1782 τῶν

92 1801 278 1917 Ξπολιτῶν
298 1822 334 1888 έν
349 1825 464 1912 είρήυη
481 1825 701 1909 συνήλλαξαν,
720 1824 938 1894 ἀπολωλέναι.
963 1824 1130 1905 ἀξιούντων

132 1925 169 2004 δ’,
186 1930 263 1996 ούτε
286 1941 353 1996 τῶν
378 1932 562 1999 δανειστῶν
585 1927 687 1996 οὐδὲν
711 1930 847 2017 μέτριον
870 1931 1050 2016 ὑπομένειν
1068 1930 1129 1995 ούτε

130 2045 198 2102 τῶν
217 2042 468 2122 χρεωφειλετῶν
487 2048 596 2104 ποιεῖν
614 2034 717 2104 οὐδὲν
736 2039 879 2122 δίκαιον,
898 2038 983 2104 ἀλλὰ
1001 2049 1065 2104 τῶν
1081 2033 1130 2121 μὲν
1174 2049 1175 2054 ’

131 2139 212 2208 οὐδὲ
234 2145 313 2221 τοὺς
334 2147 454 2222 τόκους
477 2144 623 2230 ἀφιέναι,
646 2155 715 2210 τῶν
738 2141 776 2210 δὲ
799 2142 883 2230 μηδὲ
906 2145 991 2210 αὐτὰ
1009 2146 1048 2210 τὰ
1065 2159 1129 2208 συν-

131 2250 322 2334 αλλάγματα
356 2252 520 2316 διαλύειν·
558 2250 591 2330 έξ
624 2245 674 2318 ὧν
706 2251 846 2316 σύνοδοι
878 2247 940 2335 μὲν
971 2253 1036 2339 ήδη
1063 2249 1129 2316 κατά

91 2372 118 2414 2⁰
132 2358 325 2441 συστροφὰς
347 2367 415 2422 τῶν
433 2356 471 2421 έν
489 2367 561 2434 ταῖς
579 2355 710 2440 ὁμοίαις
729 2357 839 2422 όντων
855 2356 970 2440 τύχαις
991 2353 1128 2438 ἐγένοντο
1173 2413 1174 2464 ἢ

131 2460 186 2527 καὶ
214 2462 486 2548 ἀντιπαρατάξεις
507 2465 590 2528 κατά
612 2463 675 2546 τήν
698 2462 839 2547 ἀγοράν,
868 2465 939 2527 ἔστι
962 2456 993 2526 δ’
1016 2463 1067 2528 ὅτε
1085 2458 1128 2526 καί

130 2580 251 2654 χειρῶν
274 2569 464 2655 ἁψιμαχίαι,
487 2567 543 2635 καὶ
567 2570 828 2654 συνετετάρακτο
850 2577 914 2647 πᾶς
937 2568 955 2635 ὁ
978 2568 1168 2642 πολιτικὸςύλῑ

96 2676 269 2758 3κόσμος·
300 2661 399 2741 ταῦθ’
427 2675 516 2761 δρῶν
545 2676 562 2741 δ
592 2678 799 2759 Ποστόμιος,
829 2675 890 2752 ἕως
917 2677 965 2740 ἔτι
988 2676 1026 2740 τὸ
1048 2674 1128 2758 τιμύ

129 2803 233 2864 μενον
261 2775 326 2867 εἶχε
354 2783 443 2867 παρά
465 2782 601 2848 πάντων
625 2781 743 2866 ὅμοιον
766 2781 899 2869 πολέμῳ
923 2785 1023 2867 βαρεῖ
1043 2780 1127 2846 καλὸν

200 3015 215 3062 6
235 3009 410 3080 κεκομμένοις
429 3009 452 3062 Β
524 3016 541 3066 8
560 3011 753 3080 καταδρομαῖς
777 3008 973 3068 collocandum
999 3023 1057 3063 ειεο
1076 3006 1127 3076 post

128 3077 349 3149 διεφθαρμένων
368 3098 391 3135 ο.
410 3079 555 3150 Kiessling
568 3080 612 3135 Pr.
632 3079 696 3135 Bas.
711 3099 738 3149 p.
755 3085 787 3134 17
851 3086 885 3134 10
905 3080 1038 3150 στρατιάν
1055 3078 1075 3131 Β
1099 3077 1128 3137 εἰς

127 3148 178 3211 τὰς
206 3152 352 3217 στρατείας
377 3167 398 3202 ο.
424 3150 527 3204 Βωίελτε
603 3159 635 3204 11
661 3150 763 3221 ὁμοίως
785 3150 832 3204 vel
855 3149 955 3213 κοινάς
979 3168 1002 3206 ο.
1026 3149 1128 3218 Sylbuxg

131 3223 163 3268 12
183 3215 313 3284 μόνονΟ
351 3217 448 3286 μόνοις
466 3220 571 3274 Reiske
630 3226 662 3274 15
681 3219 933 3276 ἀπολωλεκέναιΟ
972 3218 1127 3276 ἀπολωλέναι

130 3284 235 3338 Reiske
326 3294 359 3341 16
379 3287 488 3343 οόδδο
526 3290 589 3345 ούτε
608 3291 728 3346 Hudson
817 3298 851 3344 22
871 3291 1074 3361 ουντετάρακτα
1089 3287 1125 3356 B}

131 3353 180 3427 καὶ
201 3353 254 3430 ἀεὶ.
275 3353 363 3408 Cobet
383 3358 447 3410 Obs.
463 3376 490 3426 p.
508 3366 558 3414 115
613 3367 647 3414 23
667 3360 745 3423 ὡςΟ
784 3355 814 3414 έν
833 3355 855 3433 ᾧ
876 3360 1057 3416 casaubonus
1089 3357 1127 3418 ἕως

133 3415 258 3471 Smtems
277 3421 337 3476 Em.
352 3424 433 3479 Dion.
449 3427 475 3478 Π
490 3433 522 3480 12
585 3436 621 3484 24
638 3429 736 3499 ὅμοιον
755 3431 842 3485 καλὸν
862 3427 1018 3488 έπεκδῦναι
1035 3427 1125 3501 πολὲμμ

1104 3799 1108 3810 .
1158 3559 1171 3830 λ
