2400 3912
572 195 734 242 ..Δ-

145 354 342 437 ἐβουλύμην,
365 352 385 438 ἣ
404 353 487 440 πρὸς
506 351 712 435 ἀγνοοῦντας
731 353 870 436 ἔμελλον
889 349 1009 434 λέγειν,
1032 350 1141 428 ἁπάσας

145 459 324 543 διεξῆλθον
352 459 394 525 ἀν
422 461 480 536 τάς
502 467 563 524 τοῦ
585 459 756 542 τυράννου
779 461 1002 544 παρανομίας,
1032 454 1082 542 ἐφ’
1102 449 1141 534 αἷς

144 567 205 651 οὐχ
233 565 333 650 άπαξ,
361 567 445 632 ἀλλά
472 566 630 641 πολλάκις
658 565 781 630 άπασιν
804 570 855 648 εἴη
881 565 1010 640 δίκαιος
1032 563 1141 629 ἀπολω
1186 545 1188 630 λ

145 673 250 739 λε’ναι·
288 673 401 757 ἐπειδὴ
426 667 456 737 δ’
478 673 497 738 ὅ
519 695 554 737 τε
575 675 699 758 καιρός,
723 670 764 737 ὃν
782 674 823 737 τὰ
841 670 1017 758 πράγματά
1035 693 1088 755 μοι
1104 671 1171 734 δίλλᾱ

122 781 240 863 οδωσι,
264 781 399 865 βραχύς,
424 778 461 846 ἐν
484 769 510 867 ᾧ
534 777 643 862 λέγειν
667 774 728 863 μὲν
747 778 844 861 ὀλίγα
863 779 925 862 δεῖ,
948 777 1099 863 πράττειν
1115 774 1141 842 δὲ

143 888 260 970 πολλά,
283 883 443 971 καὶπρὸς
466 887 596 962 εἰδότας
620 885 655 950 ολ
675 886 780 968 λόγοι,
803 886 845 949 τά
867 885 1006 970 μέγιστα
1024 882 1079 949 καὶ
1094 907 1142 967 φα·
1187 919 1188 988 η

146 994 313 1077 νερώτατα
336 1004 402 1059 τῶν
426 995 535 1077 ἔργων
558 992 662 1058 αὐτοῦ
685 989 740 1058 καλ
764 989 839 1058 οὐδ’
862 991 1045 1074 ἀπολογίας
1067 989 1142 1055 ούδε
1186 1005 1188 1088 γ

145 1106 220 1183 μιᾶς
244 1098 414 1182 δυνάμενα
436 1109 560 1183 τυχεῖν,
582 1094 683 1162 ταῦθ’
704 1097 791 1182 ὑμᾶς
812 1097 1006 1182 ὑπομνήσω.
1186 1089 1188 1168 λ

213 1221 411 1288 LXXVIIII.
446 1217 553 1299 Οὗτός
576 1221 681 1304 ἐστιν,
710 1223 831 1308 ἀνδρες
853 1228 1003 1305 πολῖται,
1033 1221 1051 1287 ὁ
1077 1225 1142 1304 Ταρ-
1186 1199 1188 1240 ⁴

111 1347 135 1386 1⁰
146 1329 260 1405 κύνιος
283 1328 302 1394 δ
324 1329 389 1413 πρὸ
412 1337 473 1394 τοῦ
495 1331 700 1414 παραλαβεῖν
718 1329 780 1412 την
799 1327 905 1414 ἀρχὴν
918 1327 1084 1415 ’Ἀρροντα
1099 1328 1144 1391 τὸν

145 1438 285 1519 γνήσιον
309 1435 469 1519 ἀδελφάν,
493 1435 544 1500 ὅτι
566 1436 713 1520 πονηρὸς
734 1434 796 1500 οὐκ
813 1434 970 1518 ἐβούλετο
989 1433 1142 1518 γενέσθαι,

146 1543 333 1628 φαρμάκοις
354 1541 628 1625 διαχρησάμενος,
647 1541 814 1625 συνεργὸν
830 1542 877 1618 είς
889 1548 990 1606 τοῦτο
1005 1543 1043 1607 τὸ
1059 1550 1144 1627 μῦσος

146 1649 259 1731 λαβὼν
281 1649 343 1730 την
368 1645 498 1712 ἐκείνου
521 1659 673 1730 γυναῖκα,
696 1656 754 1732 της
773 1644 807 1711 δ’
830 1647 919 1735 αύτῷ
939 1648 1145 1728 συνοικούσης

148 1753 312 1838 ἀδελφήν,
335 1753 379 1837 ἣν
402 1753 572 1838 ἐμοίχευεν
596 1753 614 1818 ὁ
637 1759 731 1830 δεοίς
754 1751 876 1840 ἐχθρὸς
898 1755 947 1818 ἔτι
970 1752 1027 1818 καὶ
1049 1753 1144 1818 πάλαι·

111 1823 246 1950 1ξοάιτος
273 1859 291 1925 ὁ
318 1861 380 1944 την
408 1861 552 1945 γαμετὴν
580 1871 737 1945 γυναῖκα,
766 1862 927 1945 σώφρονα
954 1858 1011 1925 καὶ
1037 1858 1146 1926 τέκνων

147 1970 313 2031 κοινωνὸν
340 1976 535 2049 γεγονυῖαν,
564 1966 601 2032 έν
627 1978 699 2045 ταῖς
726 1968 842 2044 αύταῑς
869 1965 1007 2052 ἡμέραις
1029 1965 1084 2031 καὶ
1104 1966 1146 2029 διὰ

148 2083 215 2137 τῶν
244 2072 353 2137 αὐτῶν
381 2072 566 2156 φαρμάκων
589 2073 783 2150 ἀποκτείνας
807 2072 880 2139 οὐδ’
904 2073 1146 2157 ἀφοσιώσασθαι

147 2191 215 2244 τῶν
238 2191 453 2265 φαρμακειῶν
473 2177 671 2264 ἀμφοτέρων
688 2183 746 2258 τάς
764 2182 934 2265 διαβολάς,
958 2181 1004 2257 ὡς
1019 2179 1083 2264 ὀὐχ
1098 2173 1177 2261 ὑφ’ὃί6

148 2284 269 2351 ἑαυτοῦ
295 2285 501 2370 γενομένων,
528 2285 669 2370 ἠξίωσεν
697 2287 829 2376 ἐλεεινῷ
854 2287 1063 2372 χρησάμενος
1085 2285 1146 2368 σχύ-
1185 2279 1186 2288 ’

111 2416 224 2477 ιοματι
248 2390 303 2456 καὶ
325 2399 426 2478 μικρᾷ
449 2396 668 2476 προσποιήσει
691 2392 848 2476 πένθους,
875 2390 946 2458 ἀλλ’
969 2392 1074 2469 εὐθύς
1095 2391 1146 2474 άμα

147 2506 192 2583 τῷ
217 2497 300 2561 ούτά
323 2497 568 2582 διαπράξασθαι
591 2501 631 2564 τά
651 2501 830 2584 θαυμαστά
849 2502 940 2585 ἔργα,
963 2497 1045 2586 πρὶν
1063 2497 1083 2580 ἣ
1100 2519 1147 2580 μα·

149 2607 317 2686 ρανθηναι
339 2605 398 2680 τδς
411 2603 657 2690 ὑποδεξαμένας
675 2607 715 2670 τά
732 2607 880 2689 δύστηνα
895 2606 1030 2689 σάματα
1043 2603 1146 2688 πυράς,
1184 2599 1185 2602 '

147 2711 269 2792 φίλους
287 2709 392 2774 είστία
411 2708 466 2776 καὶ
484 2712 611 2795 γάμους
629 2711 773 2778 ἐπετέλει
791 2709 846 2777 καί
865 2713 927 2796 τύμι
945 2710 1147 2795 ἀνδροφόνον

150 2816 287 2899 νύμφην
311 2814 363 2880 ἐπὶ
386 2818 446 2882 τὸν
468 2827 525 2901 τῆς
544 2817 690 2903 ἀδελφῆς
707 2819 863 2903 θάλαμον
877 2819 975 2901 ἤγετο
989 2819 1047 2894 τάς
1060 2817 1148 2897 ἀπορ·
1183 2883 1184 2896 ¹

111 2949 137 2990 ιι
148 2924 269 3008 ρητους
288 2921 439 3006 ἐμπεδῶν
457 2925 539 3010 πρὸς
553 2924 658 3008 αὐτὴν
671 2925 863 3009 ὁμολογίας·
887 2923 1007 2990 ἀνόσια
1021 2921 1076 2989 καί
1089 2920 1146 2998 ἐξά-

220 3173 235 3219 3
254 3165 388 3228 πολλάκις
406 3165 512 3221 ἅπασιν
531 3169 573 3236 είη
593 3170 703 3231 δίκαιος
720 3169 746 3222 Α
780 3168 914 3232 πολλάκις
932 3168 1031 3224 άπασι.
1052 3168 1147 3226 δίκαιος
1182 3183 1183 3192 ’

150 3235 172 3285 Β
210 3233 314 3287 άπασιν
334 3237 377 3304 εἴη
397 3235 451 3290 (1ο1.
466 3235 554 3291 Cobet
568 3238 633 3293 Obs.
648 3257 675 3308 p.
691 3245 723 3293 91
761 3241 866 3308 φανείη
881 3256 904 3293 ο,
919 3239 1023 3293 Reiske
1076 3236 1146 3292 διαὶ

152 3298 213 3354 οὐδ’
231 3303 422 3372 ἀπολογίαςΟ
449 3309 601 3375 praeterB
693 3315 726 3362 14
746 3307 786 3363 ἔτι
809 3308 938 3363 πάλαιΒ
977 3307 1018 3363 ἔτι
1039 3317 1090 3363 νῦν
1108 3306 1147 3360 καὶ

152 3369 240 3421 πάλαι
259 3387 281 3423 e.
300 3372 404 3426 Reiske
477 3382 509 3428 15
529 3377 577 3430 καὶ
595 3385 643 3446 τῆς
661 3379 696 3445 ἀρ
715 3386 748 3447 ης
766 3379 815 3433 καί
833 3378 939 3434 τέκνων
958 3397 981 3434 ο.
1002 3378 1148 3446 ὃλθρλιαυαε

156 3444 187 3489 17
208 3438 375 3502 ἀποκτείνας
393 3440 423 3502 ὃς
441 3442 503 3497 οὐδ’
520 3445 542 3499 Ο
561 3451 673 3514 praeter
690 3399 714 3500 l}
786 3457 818 3505 18
838 3451 874 3513 ὡς
893 3451 944 3518 ούχ
962 3448 1014 3503 ΑΒ
