2400 3912
141 217 206 282 160
569 221 731 274 -Ε-

140 382 279 464 φόρους·
318 377 388 445 ἐπεὶ
412 375 442 445 δ’
464 382 594 465 ἔμαθον
618 379 858 465 ἐξεληλυθότας
879 381 945 463 ήδη
963 381 1044 456 τοὺς
1061 384 1145 444 πολε-

140 488 251 571 μίους,
286 485 436 552 ἀπαντᾶν
469 487 581 564 αὐτοῖς
613 491 780 572 ἔγνωσαν,
812 485 868 553 καὶ
899 485 981 573 πρὶν
1010 486 1145 562 ἐκείνους

141 594 297 677 διαβῆναι
318 596 379 660 τὸν
401 596 551 678 ποταμὸν
571 593 667 660 αὐτοὶ
685 596 743 671 τὰς
762 595 921 679 δυνάμεις
941 594 1146 678 διαβιβάσαν-

139 723 193 778 τες
219 699 369 786 ἐχώρουν
390 703 520 783 πρόσω,
547 698 603 766 καὶ
625 699 993 786 κατεστρατοπέδευσαν
1015 703 1146 783 πλησίον

118 810 330 893 οΤυρρηνῶν
358 806 395 872 ἐν
422 811 559 892 λειμῶνι
585 806 779 896 καλουμένῳ
803 810 937 895 Ναιβίῳ
964 809 1058 892 παρὰ
1081 808 1191 891 δρυ-οῖι,

111 914 205 998 2μὸν
239 913 330 998 ίερὸν
357 913 466 996 ἥρωος
489 908 649 998 Ὁρατίου.
696 914 879 999 ἐτύγχανον
908 910 945 979 δὲ
973 916 1098 996 πλήθει
1120 936 1147 976 τε

142 1018 332 1102 ἀγχώμαλοι
355 1015 491 1104 μάλισθ’
514 1021 551 1085 αλ
572 1021 729 1105 δυνάμεις
752 1021 863 1086 αὐτῶν
887 1015 987 1086 οὖσαι
1005 1018 1064 1085 καί
1081 1041 1148 1105 προ-

141 1127 249 1211 θυμίᾳ
282 1124 381 1211 ὁμοίᾳ
413 1135 582 1210 χωροῦσαι
613 1127 696 1212 πρὸς
727 1128 787 1192 τὸν
819 1127 933 1210 ἀγῶνα
964 1126 1149 1211 ἀμφότεραι,

141 1233 254 1316 πρώτη
279 1228 340 1316 μὲν
363 1228 426 1298 οὖν
450 1233 581 1316 ἐγένετο
604 1243 672 1298 τῶν
696 1233 822 1299 ίππέοιν
845 1234 931 1318 μάχη
954 1233 1093 1319 βραχεῖά
1109 1255 1149 1308 τις

106 1337 248 1415 ιοεύδὺς
275 1339 343 1423 ίίμα
364 1347 409 1426 τῳ
434 1341 586 1404 συνιδεῖν
609 1340 773 1423 ἀλλήλους
795 1338 875 1425 πρὶν
897 1339 918 1423 ἣ
941 1343 1022 1417 τοὺς
1045 1341 1150 1418 πεζοὺς

141 1447 560 1530 καταστρατοπεδεύεσθαι,
581 1446 617 1528 έν
637 1437 656 1532 ᾖ
677 1446 852 1530 διάπειραν
871 1445 1026 1530 ἀλλήλοιν
1040 1448 1150 1529 λαβόν-

141 1576 194 1628 τες
225 1549 281 1617 καὶ
313 1552 390 1617 οὔτε
417 1555 612 1636 νικήσαντες
642 1553 718 1619 οὔτε
746 1551 942 1638 λειφθέντες
968 1554 1051 1638 πρὸς
1083 1553 1151 1626 τοὺς

142 1656 269 1722 ἑαυτῶν
298 1655 446 1743 ἑκάτεροι
473 1660 619 1744 χάρακας
642 1659 893 1742 ἀπηλλάγησαν·
935 1661 1045 1724 ἔπειτα
1069 1658 1106 1722 οἳ
1123 1680 1150 1720 τε

143 1764 273 1828 ὁπλῖται
303 1762 358 1828 καὶ
389 1765 424 1830 οί
452 1766 561 1842 ἱππεῖς
588 1763 646 1851 ἀφ’
674 1764 838 1851 ἑκατέρων
868 1762 1037 1851 συνῄεσαν
1064 1763 1152 1841 ταξί-

108 1892 133 1932 15
143 1891 238 1953 μενοι
260 1870 320 1934 τὸν
344 1871 447 1937 αὐτὸν
471 1872 626 1957 ἀλλήλοις
648 1875 785 1958 τρόπον,
809 1870 914 1957 μέσην
936 1869 997 1955 μὲν
1015 1872 1079 1955 τήν
1097 1871 1152 1955 φά-

143 1980 249 2057 λαγγα
281 1987 347 2042 τῶν
379 1981 487 2057 πεζῶν
518 1982 730 2063 ποιήσαντες,
763 1975 816 2044 έπὶ
850 1973 886 2044 δὲ
916 1989 984 2043 τῶν
1011 1977 1152 2063 κεροίτων

110 2081 344 2168 δάμφοτέρων
374 2085 435 2168 τήν
459 2085 560 2151 ἵππον
583 2088 771 2169 στήσαντες.
818 2085 929 2168 ήγείτο
954 2081 991 2150 δὲ
1014 2093 1075 2149 τοῦ
1098 2079 1153 2167 μὲν

144 2188 256 2266 δεξιοῦ
282 2185 454 2275 Ῥωμαίων
487 2190 625 2277 κέρατος
660 2190 842 2282 Οὐαλέριος
874 2190 892 2256 δ
924 2187 1154 2276 προσαιρεθεὶς
1193 2261 1194 2288 χ

143 2295 267 2373 ὕπατος
285 2295 442 2364 ἐναντίαν
461 2299 578 2365 στοίσιν
597 2303 682 2384 ἔχων
698 2300 925 2381 Οὐιεντανοῖς,
948 2307 1010 2363 τοῦ
1030 2294 1060 2361 δ’
1078 2297 1153 2361 εὐώ-

107 2404 253 2488 ιονύμου
270 2409 430 2488 Βροῦτος,
454 2403 533 2471 καθ’
556 2405 574 2470 δ
597 2405 697 2491 μέρος
719 2405 739 2488 ή
759 2409 996 2490 Ταρκυνιητῶν
1020 2404 1191 2487 δύναμιςειο

143 2504 199 2590 ἦν·
235 2509 395 2595 ἡγεμόνες
428 2509 458 2575 δ’
487 2512 591 2596 αὐτήν
622 2513 787 2597 ἐκόσμουν
815 2512 850 2576 οί
879 2513 1070 2596 Ταρκυνίου
1096 2519 1153 2574 τοῦ

144 2615 305 2696 βασιλέως
327 2619 450 2695 παῖδες.

210 2719 280 2787 XV.
315 2726 520 2790 Μελλόντων
550 2719 582 2788 δ’
609 2724 719 2790 αὐτῶν
751 2727 799 2802 είς
828 2735 940 2810 χεῖρας
968 2722 1054 2790 ίέναι
1079 2745 1153 2808 προ-

145 2827 256 2892 ελθὼν
286 2827 322 2893 ἐκ
343 2839 402 2914 τῆς
424 2829 544 2909 τάξεως
566 2841 634 2895 τῶν
661 2835 846 2918 Τυρρηνῶν
870 2822 917 2909 εἷς
939 2842 1007 2896 τῶν
1034 2835 1153 2917 Ταρκυ-

108 2936 221 2999 εονίου
244 2936 389 3019 παίδων,
404 2934 548 3022 ’Ἀρρους
571 2939 688 3021 ὄνομα,
712 2937 828 3022 ῥωμήν
851 2959 886 3001 τε
909 2938 1082 3022 κράτιστος
1100 2933 1152 3002 καί

216 3081 229 3128 1
251 3070 393 3143 έπειδὴδ’
409 3092 432 3131 ο
448 3075 570 3145 Sylburg
610 3077 1047 3146 4καταστρατοπεδεύσαντεςο
1077 3094 1153 3130 κατε-

145 3144 388 3232 στρατοπέδευοαν
407 3146 453 3200 vel
471 3149 815 3216 κατεστρατοπεδεύσαντο
835 3165 857 3201 ο.
878 3147 981 3216 Sylbur
1072 3154 1152 3202 οια-

145 3212 269 3281 λουμενοι
284 3216 434 3304 ϊναιβίωΒ
461 3219 625 3290 καλουμένῳ
640 3220 696 3291 ναβ
679 3218 765 3292 βίῳΟ
793 3239 818 3273 κ.
834 3219 943 3273 ούινίοοι
957 3165 1012 3272 ΔΤ)
1061 3216 1150 3286 δόρα-

146 3282 206 3334 τίοο
225 3283 272 3335 Bb
309 3283 411 3353 όροίτον
430 3286 505 3341 ΑΒο
586 3295 619 3343 19
639 3275 889 3351 ούιονεντανοιςΒ
972 3295 1006 3344 25
1021 3286 1109 3360 ’Ἀρρου
1124 3287 1152 3340 A

144 3395 169 3448 u
148 3403 235 3483 ’49909
257 3402 280 3452 Β
308 3419 377 3458 corr
377 3406 547 3494 Kiessling
572 3415 576 3476 Ι
602 3408 697 3480 ροιμήν
724 3431 754 3466 τε
777 3360 958 3476 ιίόίλλιστοςΒ
999 3410 1105 3482 μορφήν
1120 3431 1151 3464 τε

149 3470 292 3530 καλλιστος
308 3470 387 3523 R‘
371 3475 464 3542 ροομήν
483 3495 512 3531 τε
531 3479 676 3548 κράτιστος
694 3482 794 3536 Portus
