2400 3912
514 239 677 288 -Δ-
1068 236 1110 302 15

93 399 138 483 μή
168 394 200 482 γ’
235 399 300 484 ἀρα
333 400 423 485 γόνῳ
455 394 516 483 μὲν
543 393 630 481 ήσαν
657 395 777 464 υἱωνοὶ
803 407 864 464 τοῦ
892 396 1054 483 βασιλέως
1077 400 1113 466 οί

92 506 225 586 παῖδες,
249 506 380 588 ποιήσει
405 500 437 569 δ’
462 505 542 589 υίοί,
565 502 621 569 καὶ
643 501 733 570 τοῦτ’
755 500 798 590 ήυ
821 511 929 571 αῖτιον
952 514 1010 590 τῆς
1028 505 1110 572 ἀπά-

90 631 151 694 της
173 621 245 688 τοῖς
268 611 382 688 άλλοις
404 611 506 677 άπασι
528 599 599 688 τοῖς
622 611 835 695 συγγράψασι
857 607 1109 698 τάςῬαμαῖκάς

93 716 251 800 ἱστορίας.
287 717 540 804 προειρημένων
568 718 610 801 δή
637 719 767 784 τούτων
793 719 908 804 καιρὸς
931 717 1109 803 ἐπανάγειν

91 820 147 888 ἐπὶ
168 824 232 906 τὴν
255 823 521 909 ἀπολειπομένην
545 827 710 910 διήγησιν.
1122 841 1135 882 ⁶

161 928 253 994 VIII.
288 927 421 1016 Ἐπειδὴ
455 927 493 997 δὲ
520 932 724 1018 παραλαβὼν
751 932 814 1015 τήν
842 930 1023 1018 ἐπιτροπήν
1049 939 1106 1016 τῆς

90 1038 264 1118 βασιλείας
290 1037 308 1103 δ
337 1040 479 1116 Τύλλιος
504 1035 561 1103 καὶ
587 1038 649 1120 τήν
677 1037 825 1123 ἑταιρίαν
851 1048 920 1104 τῶν
942 1040 1109 1124 Μαρκίων

90 1141 248 1220 ἐξελάσας
269 1145 412 1227 βεβαίως
434 1145 499 1228 ήδη
521 1151 580 1228 τῆς
603 1143 705 1231 ἀρχῆς
729 1143 857 1229 ἐνόμιζε
878 1154 1024 1231 κρατεῖν,
1049 1147 1108 1210 τόν

88 1270 126 1314 τε
151 1248 290 1332 βασιλέα
308 1251 508 1335 Ταρκύνιον,
532 1252 577 1328 ὡς
600 1250 726 1317 ἐκτῶν
748 1251 945 1337 τραυμάτων
962 1256 1109 1318 τετελευ-

88 1357 214 1439 τηκόια
242 1357 396 1442 ἔναγχος,
424 1357 581 1443 ἐκκομιδῇ
606 1380 642 1423 τε
664 1361 842 1423 πολυτελεῖ
860 1355 916 1424 καὶ
939 1360 1109 1443 μνήματος
1122 1375 1148 1414 10

90 1461 258 1547 ἐπισήμου
274 1471 460 1549 κατασκευῇ
478 1461 534 1529 καὶ
550 1474 622 1540 ταῖς
638 1465 754 1540 άλλαις
768 1473 879 1548 τιμαῖς
892 1463 1034 1548 ἐκόσμει,
1053 1463 1108 1530 καὶ

87 1569 151 1634 τὸν
165 1568 199 1647 ἐξ
215 1569 345 1635 ἐκείνου
359 1572 484 1655 χρόνον
500 1569 545 1646 ὡς
558 1569 735 1654 ἐπίτροπος
748 1569 796 1634 ὢν
810 1579 877 1635 τῶν
891 1569 928 1634 ἐκ
940 1579 1001 1634 τοῦ
1015 1573 1108 1654 βασι-

37 1678 191 1746 6ο4λείου
215 1675 337 1759 γένους
359 1677 491 1742 παίδων
513 1678 573 1742 τόν
595 1671 625 1741 τ’
652 1678 741 1742 ῖδιον
764 1677 876 1741 αὐτῶν
899 1678 976 1759 βίον
994 1675 1108 1742 καὶτὰ

85 1783 189 1847 κοινὰ
210 1782 386 1867 πράγματα
408 1793 467 1868 της
486 1787 614 1860 πόλεως
632 1785 689 1848 διὰ
707 1788 859 1868 φνλακής
875 1806 911 1850 τε
929 1783 983 1850 καὶ
1003 1807 1107 1869 φρον-

86 1889 183 1965 τίδος
206 1888 357 1954 ἐποιεῖτο.
395 1899 466 1966 τοῖς
489 1887 527 1954 δὲ
544 1893 730 1976 πατρικίοις
748 1891 810 1955 οὐκ
827 1886 870 1974 ἦν
888 1893 930 1956 τά
946 1868 1148 1983 γινόμεναῗ,

86 1991 170 2059 καθ’
189 1994 325 2078 ἡδονάς,
345 1990 417 2061 ἀλλ’
434 1995 646 2078 ἠγανάκτουν
663 1994 718 2061 καὶ
737 2002 886 2081 χαλεπῶς
904 2000 1027 2084 ἔφερον
1046 1997 1108 2062 οὐκ

88 2099 262 2179 ἀξιοῦντες
290 2101 394 2167 αὐτὸν
420 2099 527 2190 ἑαυτῷ
550 2126 626 2167 τινα
649 2106 909 2187 μηχανήσασθαι
931 2105 1107 2188 βασιλικήν

88 2205 261 2290 ἐξουσίαν,
290 2210 371 2292 μήτε
398 2211 523 2292 βουλῆς
544 2207 780 2294 ψηφισαμένης
802 2212 883 2294 μήτε
904 2221 973 2276 τῶν
996 2212 1107 2277 ἄλλων

88 2324 157 2379 τιον
180 2315 264 2379 κατὰ
285 2317 393 2397 νόμον
417 2313 707 2381 ἐπιτελεσθέντων.
741 2318 914 2392 συνιόντες
931 2338 968 2381 τε
985 2317 1107 2381 πολλά-

88 2443 140 2496 κις
167 2419 204 2485 οί
228 2423 387 2486 πλεῖστον
412 2418 445 2499 ἐξ
469 2421 581 2487 αὐτῶν
605 2421 787 2506 δυνάμενοι
811 2419 1000 2505 διελέγοντο
1023 2423 1106 2509 πρὸς
1120 2439 1146 2479 2⁰

94 2525 255 2609 ἀλλήλους
282 2523 358 2612 περὶ
383 2536 441 2610 τῆς
462 2528 671 2605 καταλύσεως
692 2537 752 2614 τῆς
773 2531 971 2614 παρανόμου
994 2529 1106 2616 ἀρχῆς,

94 2628 147 2695 καὶ
173 2631 282 2698 ἐδόκει
310 2631 438 2716 αὐτοῖς,
467 2631 601 2698 ἐπειδὰν
628 2643 761 2719 πρῶτον
789 2636 837 2712 είς
865 2636 903 2700 τὸ
927 2635 1107 2723 συνέδριον

87 2737 154 2804 ὑπὸ
173 2747 236 2804 τοῦ
253 2740 399 2804 Τυλλίου
418 2738 623 2823 ἀναχθῶσιν,
643 2739 828 2825 ἀναγκάσαι
845 2743 905 2806 τὸν
924 2743 1032 2828 ἀνδρα
1049 2745 1107 2819 τὰς

85 2844 238 2930 ῥάβδους
261 2844 454 2911 ἀποθέσθαι
475 2844 530 2911 καὶ
553 2848 595 2912 τά
618 2849 718 2912 λοιπὰ
739 2857 798 2932 τής
821 2847 922 2933 ἀρχῆς
941 2851 1105 2933 σύμβολα·
1160 2857 1161 2860 ’

83 2951 171 3018 ὅταν
194 2947 233 3017 δέ
251 2960 350 3018 τοῦτο
369 2950 516 3036 γένηται,
534 2956 613 3031 τοὺς
630 2953 859 3040 καλουμένους
877 2958 1106 3040 μεσοβασιλεῖς
1119 2965 1144 3008 2⁶

80 3057 261 3138 ἀποδεῖξαι
292 3057 349 3125 καὶ
381 3057 425 3124 δι’
453 3059 590 3126 ἐκείνων
623 3059 759 3126 ἑλέσθαι
790 3063 850 3127 τὸν
878 3059 1021 3147 άρξοντα
1047 3070 1105 3146 τῆς

157 3287 320 3342 2τοῖιτοΒ
397 3287 657 3360 όόπολειπομένην
680 3306 703 3343 ο.
728 3288 886 3358 Stephanus
964 3285 1031 3344 ὅδὲ
1049 3306 1104 3346 om.

76 3359 102 3412 B
182 3365 276 3413 θεῶν
295 3375 349 3412 om.
368 3358 423 3413 AB
505 3365 538 3414 15
557 3358 697 3431 γενόμενα
715 3377 738 3415 ο.
757 3359 903 3430 Kiessh'ng
984 3367 1019 3416 23
1039 3379 1105 3417 συν-

26 3435 30 3444 “
76 3433 216 3573 Ξχιξθομχστιχ
232 3445 259 3553 η.
278 3429 384 3485 Reiske
400 3436 403 3501 Ι
420 3428 470 3496 τάς
488 3451 517 3486 τε
537 3428 660 3503 βάβδους
677 3449 701 3488 ο.
720 3431 864 3501 Kiessling
906 3437 941 3487 26
961 3429 1045 3506 δ<ι’>
1063 3433 1102 3506 Bt
