2400 3912
147 229 211 294 100
570 233 736 281 -A-

146 401 216 468 τοῖς
248 390 408 475 ἐμψύχοις
440 391 559 475 ὅμοιον
589 387 645 456 καὶ
672 391 710 455 τὸ
738 392 1013 475 καταφερόμενον
1041 388 1075 454 ἐκ
1098 397 1143 471 τῆς

112 497 313 582 3ἀποτομῆς
336 489 415 582 οἶμα
439 498 569 582 θερμὸν
588 500 635 563 ἐτι
653 496 709 562 καί
727 499 860 584 νεαρόν.
890 505 991 561 τοῦτο
1010 496 1049 560 τὸ
1066 492 1144 578 τέρας

148 603 231 670 ίδδιν
261 604 278 670 ὁ
310 605 496 688 Ταρκύνιος
524 612 585 669 τοῦ
615 600 676 688 μὲν
706 603 893 690 ὀρύγματος
920 602 1068 686 ἐπισχεῖν
1092 600 1144 667 ἐκί-

147 715 244 776 λευσε
275 711 354 786 τοὺς
386 708 639 795 ἐργαζομένους
681 709 886 793 συγκαλέσας
917 705 956 773 δέ
987 710 1068 784 τοὺς
1092 707 1144 772 ἐπι-

60 833 65 843 ·
120 819 290 902 εχωρίους
312 816 445 901 μάντεις
468 816 677 882 ἐπυνθάνετο
700 813 777 903 παρ’
801 816 928 898 αὐτῶν,
951 816 987 880 τί
1007 816 1145 898 βούλεται
1190 837 1191 842 ’

147 925 324 1006 σημαίνειν
346 923 384 987 τὸ
407 919 513 1008 τέρας.
555 919 656 988 οὐδὲν
679 920 713 987 δ’
738 923 849 989 αὐτῶν
868 919 1145 1007 ἀποφαινομένων,

148 1027 231 1092 ἀλλά
257 1032 444 1114 Τυρρηνοῖς
471 1028 703 1095 ἀποδιδόντων
724 1030 787 1113 την
809 1028 975 1116 περὶτῶν
999 1030 1146 1094 τοιούτων

147 1131 329 1218 ἐπιστήμην
357 1133 509 1213 ἐξετάσας
535 1133 613 1221 παρ’
636 1136 747 1201 αὐτῶν
775 1134 831 1201 καὶ
858 1137 980 1220 μαθὼν
1007 1138 1069 1202 τὸν
1094 1135 1147 1200 ἐπι-

148 1238 356 1325 φανέστατον
387 1252 455 1306 τῶν
482 1241 520 1307 ἐν
551 1246 738 1328 Τυρρηνοῖς
769 1245 1040 1328 τερατοσκόπων,
1074 1242 1147 1316 ὅστις

106 1368 134 1410 ιο
147 1341 205 1430 ἦν,
237 1344 356 1432 πέμπει
386 1357 454 1412 τῶν
485 1347 596 1414 ἀστῶν
626 1352 705 1426 τοὺς
736 1349 983 1434 δοκιμωτάτους
1010 1347 1148 1432 πρέσβεις

146 1454 229 1538 πρὸς
251 1453 363 1520 αὐτόν.

214 1560 281 1625 LX.
322 1562 461 1638 Τούτοις
492 1570 563 1638 τοῖς
589 1561 754 1648 ἀνδράσιν
782 1561 1000 1648 ἀφικομένοις
1027 1564 1075 1640 είς
1099 1564 1177 1645 τηνεω

147 1669 256 1731 οίκίαν
293 1675 354 1732 τοῦ
384 1670 630 1752 τερατοσκόπου
662 1669 894 1754 περιτυγχάνει
925 1692 958 1734 τι
991 1670 1147 1754 μειράκιον
1191 1745 1192 1772 ρ

147 1770 250 1854 ἐξιόν,
283 1763 309 1859 ᾧ
338 1773 540 1857 φράσαντες,
574 1775 625 1840 ότι
646 1770 820 1859 Ῥωμαίων
848 1773 912 1841 είσὶ
939 1773 1095 1860 πρέσβεις
1113 1783 1148 1862 τῷ

109 1898 135 1938 15
149 1877 265 1961 μάντει
292 1881 492 1964 βουλόμενοι
516 1893 709 1966 συντυχεῖν,
733 1881 944 1967 παρεκάλουν
967 1882 1150 1966 ἀπαγγεῖλαι
1191 1889 1192 1892 ’

146 1983 229 2066 πρὸς
248 1983 358 2049 αὐτόν.
395 1984 450 2050 καὶ
469 1986 486 2052 ὁ
505 1990 650 2070 νεανίας,
672 1987 789 2071 Πατὴρ
808 1986 886 2072 ἐμός
904 1987 1007 2072 ἐστιν,
1027 1992 1149 2073 ἔφησεν,

148 2081 174 2177 ᾧ
203 2088 333 2176 χρῄζετε
362 2102 552 2177 συντυχεῖν·
591 2094 778 2178 ἀσχολεῖται
806 2090 843 2160 δέ
870 2095 954 2160 κατὰ
979 2096 1019 2160 τὸ
1041 2097 1150 2178 παρόν·

148 2198 239 2262 ἐσται
267 2193 299 2261 δ’
321 2198 402 2283 ὑμῖν
429 2199 558 2282 ὀλίγου
576 2203 701 2284 χρόνου
729 2205 913 2287 παρελθεῖν
940 2203 1024 2285 πρὸς
1051 2202 1150 2266 αὐτόν.

113 2295 236 2392 2ἐνῷ
263 2303 293 2369 δ’
316 2304 445 2371 ἐκεῖνον
469 2304 660 2391 ἐκδέχεσθε,
689 2308 772 2393 πρὸς
794 2303 851 2390 ἐμέ
875 2308 1060 2392 δηλώσατε,
1087 2305 1151 2390 περὶ

110 2413 240 2489 ιοτίνος
270 2413 371 2494 ἥκετε.
417 2411 586 2497 περιέσται
616 2412 681 2498 γάρ
708 2411 803 2497 ὑμῖν,
835 2418 869 2477 εί
890 2436 923 2478 τι
951 2412 1084 2497 μέλλετε
1105 2413 1151 2476 διά

149 2517 211 2598 τὴν
230 2516 382 2601 ἀπειρίαν
401 2517 613 2600 σφάλλεσθαι
630 2519 713 2583 κατά
729 2519 792 2602 τὴν
811 2518 984 2602 ἐρώτησιν,
1007 2518 1065 2586 ὑπ’
1082 2520 1152 2604 ἐμοῦ

155 2624 344 2707 διδαχθεῖσι
370 2618 476 2706 μηδὲν
504 2622 711 2707 ἐξαμαρτεῖν·
747 2635 849 2710 μοῖρα
873 2619 903 2689 δ’
926 2625 989 2690 οὐκ
1011 2625 1151 2712 ἐλαχίστη
1192 2609 1193 2678 Ῑ

151 2738 219 2792 τῶν
246 2726 283 2792 ἐν
310 2737 450 2813 μαντικῇ
478 2730 707 2815 θεωρημάτων
731 2731 889 2816 ἐρώτησις
912 2731 1011 2816 ὀρθή.
1058 2733 1153 2798 ἐδόκει

151 2846 222 2912 τοῖς
240 2833 403 2919 ἀνδράσιν
422 2834 509 2899 οὕτω
524 2845 643 2919 ποιεῖν,
662 2833 718 2901 καί
732 2834 889 2920 λέγουσιν
904 2837 993 2925 αὐτῷ
1007 2840 1047 2905 τὸ
1061 2837 1154 2922 τέρας.

110 2942 171 3009 ωδ
200 2935 230 3006 δ’
259 2941 303 3018 ὡς
335 2942 456 3024 ἢκουσε
487 2943 607 3028 μικρὸν
639 2941 783 3026 ἐπισχὼν
810 2945 949 3028 χρόνον,
979 2941 1153 3024 Ἀκοόσατ’,

152 3052 287 3135 ἔφησεν,
311 3047 432 3131 ἀνδρες
450 3043 619 3131 Ῥωμαῖοι·
654 3050 692 3114 τὸ
716 3046 778 3132 μέν
800 3048 897 3134 τέρας
918 3050 1001 3134 ὑμῖν
1022 3051 1040 3117 ὁ
1060 3050 1153 3132 πατὴρ

737 3146 743 3156 ι

223 3283 238 3328 1
258 3271 290 3330 ἐκ
312 3281 362 3338 τ”ς
384 3275 567 3346 ἀποτομῆςΒ
604 3271 635 3330 ἐκ
658 3283 707 3345 τῆς
729 3280 854 3347 κεφαλῆς
872 3277 897 3330 R
934 3271 966 3332 ἐκ
989 3285 1039 3347 τῆς
1057 3283 1155 3348 σφαγῆς

153 3363 176 3399 ο.
195 3345 299 3398 Reiske
329 3295 365 3410 ἀὲ
384 3347 470 3416 αὐτῆς
488 3345 595 3401 Grimm
612 3348 688 3404 Lech.
702 3346 784 3405 Dion.
799 3347 868 3402 IV6
923 3347 1154 3419 9τεροτοσιόπον

153 3414 202 3466 Bb
238 3413 444 3483 τερατόσκοπον
463 3418 488 3470 R
511 3433 579 3470 corr.
598 3416 702 3472 Reiske
794 3423 827 3472 15
846 3413 973 3487 ἐντυχεῖν
992 3421 1080 3476 Cobet
1097 3419 1151 3474 Obs.

155 3501 183 3551 p.
202 3488 236 3537 89
252 3486 257 3550 l
273 3482 356 3550 μάντι
373 3484 396 3535 Β
468 3493 502 3540 22
522 3488 708 3555 διδαχθεῖσαν
727 3487 752 3541 A
