2394 3912
463 221 625 274 -ς-
989 223 1055 288 363

40 387 101 469 ἐγὼ
128 389 286 470 λείπομαι
313 396 380 451 τῶν
404 383 678 468 ἐναντιωθέντων
700 387 783 472 πρὸς
805 387 864 463 τδις
887 387 1056 465 διαλύσεις

40 493 176 570 ἐκείνοις
199 490 229 558 τ’
252 493 402 577 ἀπεχθὴς
426 490 593 577 διαμένων
616 489 671 558 καὶ
689 493 771 577 ὑμῖν
790 489 892 559 οὐδὲν
911 495 959 558 ἔτι
977 496 1056 580 χρη-

40 617 131 685 σιμος
160 602 220 667 ὥν.
262 600 304 665 οὐ
329 601 396 685 μην
422 601 478 664 διδι
500 599 603 664 ταῦτά
626 597 656 682 γ’
679 600 907 684 ἀποστήσομαι
929 611 997 665 τῶν
1021 601 1090 681 ἐξ2

40 706 135 791 ἀρχῆς
159 705 384 791 ἐγνωσμένων
408 702 488 771 οὐδὲ
510 707 697 785 καταλείψω
720 707 782 789 την
805 706 898 786 τάξιν
921 716 979 790 τῆς
997 729 1056 773 πο-

40 815 156 892 λιτείας
181 813 276 880 ἑκών.
324 815 391 902 ὅσω
415 809 446 878 δ’
469 811 511 877 δν
535 812 733 899 ἐρημότερος
756 812 901 899 γένωμαι
925 825 992 880 τῶν
1015 817 1077 880 τδε

42 920 118 984 αὐτά
132 944 191 1005 μοι
206 919 452 1005 προελομένων,
471 921 620 1008 τοσούτῳ
635 921 828 1006 τιμιώτερος
843 920 924 1005 ὑμῖν
938 923 1059 1006 ἐσομαί

40 1025 106 1092 ποτ’
129 1028 167 1094 ἐν
195 1031 323 1116 χρόνῳ,
351 1025 407 1093 καὶ
432 1025 600 1113 περιέσται
624 1051 681 1112 μοι
705 1031 800 1105 ζῶντι
824 1023 886 1111 μέν
909 1030 1054 1112 ἔπαινος,

41 1137 269 1218 τελευτήσαντι
294 1127 327 1198 δ’
348 1133 368 1217 ἡ
392 1135 482 1219 παρὰ
499 1143 567 1199 τῶν
586 1131 827 1216 ἐπιγινομένων
845 1137 966 1219 μνήμη.
1003 1141 1053 1220 είη

42 1236 96 1322 μὲν
118 1236 195 1324 οὖν,
221 1236 454 1306 ὧΚαπετώλιε
470 1245 535 1306 Ζεῦ
558 1237 614 1305 καὶ
637 1237 714 1305 θεοὶ
736 1242 863 1316 πόλεως
882 1240 1056 1308 ἐπίσκοποι

12 1356 93 1431 λιτῆς
122 1345 285 1433 ἡμετέρας
316 1345 423 1432 ἥρωές
451 1370 486 1413 τε
512 1345 568 1414 καὶ
596 1348 767 1431 δαίμονες,
801 1346 875 1412 ὅσοι
902 1356 967 1432 γην
993 1349 1091 1432 τηνιο

39 1449 205 1540 Ῥωμαίων
228 1454 380 1540 ἐφορᾶτε,
403 1456 487 1538 καλὴ
510 1451 565 1519 καὶ
590 1451 808 1539 συμφέρουσα
827 1461 929 1518 πᾶσιν
947 1454 968 1537 ἡ
987 1465 1055 1520 τῶν

43 1563 203 1645 φυγάδων
230 1562 393 1645 κάθοδος,
421 1559 477 1627 καὶ
504 1564 691 1643 ψευσθείην
719 1558 783 1642 ἐγὼ
806 1571 874 1625 τῶν
898 1559 1053 1645 ἐλπίδων,

44 1667 77 1745 δς
97 1666 181 1756 ὑπὲρ
207 1678 268 1734 τοῦ
291 1667 470 1753 μέλλοντος
493 1670 556 1752 ἔχω
579 1670 713 1753 χρόνου.
750 1665 809 1732 ἐάν
832 1665 872 1732 δέ
890 1690 921 1732 τι
941 1668 1090 1737 δεινδνδ

44 1774 75 1840 ἐκ
92 1778 222 1843 τούτων
236 1775 404 1861 καταλάδη
418 1785 486 1840 τῶν
500 1773 737 1859 βουλευμάτων
750 1775 812 1857 την
827 1776 939 1841 πόλιν·
963 1777 1056 1840 ἔσται

46 1879 77 1946 δὲ
93 1893 195 1950 τοῦτο
213 1883 362 1968 φανερὸν
382 1881 444 1946 οὐκ
463 1882 510 1958 είς
522 1881 668 1966 μακράν·
690 1881 822 1958 τούτοις
840 1877 903 1965 μὲν
920 1892 1056 1965 ταχεῖαν
1066 1905 1092 1947 15

45 1986 273 2075 ἐπανόρθωσιν
297 1985 393 2054 αὐτοὶ
417 1989 529 2071 δοίητε
551 1985 607 2052 καὶ
631 1991 798 2070 σωτηρίαν
819 1998 889 2065 τοῖς
907 1988 1056 2074 πράγμα-

47 2111 95 2158 σιν
120 2096 269 2180 ἀσφαλῆ,
299 2092 372 2179 ἐμοὶ
397 2088 441 2178 δ’,
471 2094 507 2171 ὃς
531 2088 602 2159 οὔτ’
623 2093 660 2158 ἐν
684 2094 772 2180 άλλφ
796 2102 900 2182 καιρῷ
924 2097 1055 2160 πώποτε

45 2201 79 2263 τὰ
95 2202 214 2284 ἥδιστα
234 2203 370 2286 εἱλόμην
389 2198 499 2285 λέγειν
517 2197 592 2265 ἀντὶ
610 2211 678 2265 τῶν
698 2185 963 2283 ὠφελιμωτάτων
979 2201 1055 2266 οὔτε
1183 2261 1184 2266 ,

47 2314 102 2371 νῦν
119 2309 309 2394 προδίδωμι
326 2309 364 2372 τὸ
383 2309 500 2373 κοινὸν
521 2308 612 2372 ίδίαν
626 2309 935 2391 καταπραττόμενος
950 2305 1056 2392 ἀσφά-

46 2415 141 2498 λειαν,
161 2415 311 2499 εὐμενεῖς
330 2421 416 2497 είητε
435 2411 490 2479 καὶ
508 2415 672 2497 μειλίχιοι.
704 2419 799 2489 θεοῖς
817 2408 879 2496 μέν
897 2415 938 2497 δη
952 2422 1056 2478 ταῦτα
1066 2386 1093 2513 ἐξ

48 2520 192 2606 εὔχομαι,
225 2525 336 2605 λόγων
368 2522 431 2606 γὰρ
461 2515 563 2585 οὐδὲν
590 2521 638 2585 ἔτι
665 2520 732 2584 δεῖ·
769 2519 907 2604 γνώμην
936 2517 982 2604 δ’,
1014 2521 1058 2604 ἣν

47 2624 95 2690 καὶ
116 2632 279 2715 πρότερον
304 2627 545 2711 ἀποφαίνομαι,
569 2629 647 2702 τοὺς
669 2620 731 2710 μέν
754 2624 792 2690 ἐν
813 2633 853 2710 τῇ
871 2628 966 2690 πόλει
986 2628 1057 2692 δια-

49 2731 201 2813 μένοντας
222 2745 290 2801 τῖιν
310 2736 498 2819 δημοτικῶν
517 2733 679 2818 ἀφίεσθαι
697 2743 815 2818 χρεῶν,
838 2742 909 2809 τοῖς
929 2729 959 2796 δ’
978 2732 1056 2797 ἀπο-

50 2839 171 2920 στάταις
197 2847 355 2926 πολεμεῖν
384 2841 492 2927 άπάση
521 2841 713 2926 προθυμίᾳ,
741 2839 822 2916 τέως
846 2837 889 2903 δν
913 2841 962 2904 ἐτι
986 2841 1057 2904 δια-

50 2942 187 3026 μένωσιν
209 2947 246 3014 έν
268 2957 338 3025 τοῖς
362 2948 485 3023 ὅπλοις.
1067 2969 1093 3009 ιε

113 3145 130 3192 4
148 3138 215 3196 οόδε
234 3138 435 3210 καταλήψομαι
452 3137 504 3207 τὴν
518 3158 552 3208 γν
554 3107 709 3283 τρμηνΚ
646 3146 695 3208 τῆς
709 3142 774 3192 πολι
775 3139 850 3200 τείας
865 3137 888 3193 0
907 3139 1021 3207 praeter
1034 3139 1057 3192 Β

52 3209 184 3278 θδμῖνΒ
221 3212 344 3282 δμωνΕ
425 3211 598 3280 ’ίσδνχρν

53 3275 215 3372 Grasberger
237 3283 315 3338 Τεεε.
338 3282 454 3351 Herbip.
472 3299 500 3369 p
516 3287 550 3335 30
640 3275 690 3336 δέ
690 3299 884 3351 πιγενομενων
885 3265 960 3335 AB
996 3265 1059 3336 ’ἐπι-

53 3352 197 3436 γινομένων
215 3354 301 3424 vulgo
331 3349 588 3424 ἐπιγιγνομένωνο.
604 3351 707 3406 Garror
722 3353 787 3407 Obs.
802 3369 831 3421 p.
845 3357 879 3406 43
935 3359 969 3407 22
988 3372 1059 3422 προ-

54 3418 94 3541 ἑέρ
96 3443 134 3549 pvg
149 3425 210 3550 BaO
285 3431 319 3479 23
344 3425 471 3494 ἀφίσθαι
493 3423 539 3477 Ba
576 3423 645 3493 ἀφει
637 3427 718 3478 σθαι
739 3423 817 3477 ABb
841 3438 911 3478 corr.
937 3423 1058 3494 Sylburg

71 3493 115 3544 4*
134 3517 169 3560 ως
314 3499 319 3512 “

600 3229 621 3263 ω
640 3227 663 3264 ο.
683 3207 829 3298 ΚίεεεΙὶωρ
864 3214 903 3283 τῷ
922 3209 1013 3284 χρόνῳ
1034 3229 1057 3265 ο.
