2400 3912
456 224 619 274 -Ε-
984 223 1045 287 141

42 388 179 467 λεῖσθαι,
207 382 253 461 ὡς
281 380 334 449 ἐπὶ
360 386 506 449 Τυλλίου
534 388 788 449 συνετελοῦντο·
822 383 1047 468 ἐκκλησιάζειν

40 487 65 552 τ’
94 489 208 567 αὐτοῖς
240 487 408 555 ἀπέδοσαν
440 486 525 576 ὑπὲρ
554 500 622 555 τῶν
653 493 819 576 μεγίστων
846 489 901 556 καλ
930 501 1047 576 ψῆφον

40 593 202 682 ἐπιφέρειν
229 593 285 662 καλ
313 590 417 662 τάλλα
439 595 611 683 πράττειν,
640 596 703 662 ὅσοι
724 599 807 662 κατὰ
828 599 909 675 τοὺς
930 597 1047 684 προτέ-

42 726 112 786 ρους
140 702 302 788 ἐθισμοὺς
327 705 500 789 ἔπραττον.
544 713 615 780 τοῖς
638 699 699 787 μὲν
722 698 785 769 οὖν
807 709 944 782 πολλοῖς
966 699 1083 770 καθ’3

41 809 160 892 ἡδονὴν
191 811 233 875 ιδ
263 812 424 895 γινόμενα
456 805 513 876 ὑπ’
542 809 653 875 αὐτῶν
685 805 728 894 ἦν
758 809 794 876 ἐκ
822 813 1071 898 πολυχρονίονι

40 918 185 994 δουλείας
207 918 255 993 είς
278 914 478 984 ἀνέλπιστον
501 913 699 1001 ἀφιγμένοις
721 915 933 1002 ἐλευθερίαν,
956 916 1048 1003 εὑρέ-

39 1030 144 1106 θησαν
167 1022 208 1089 δέ
227 1045 316 1101 τινες
339 1023 372 1102 ἐξ
397 1024 508 1090 αὐτῶν
532 1024 630 1107 ὅμως,
655 1015 705 1100 οίς
727 1025 836 1100 πόθος
857 1019 900 1107 ἦν
923 1035 989 1090 τῶν
1010 1023 1047 1090 ἐν

39 1131 209 1216 τυραννίδι
236 1141 349 1196 κακῶν
376 1128 421 1195 δι’
445 1130 606 1214 εὐήθειαν
629 1128 649 1213 ἣ
674 1130 729 1194 διδ
751 1129 961 1214 πλεονεξίαν,
991 1133 1048 1197 ἀν-

11 1238 109 1322 λοδρες
142 1237 203 1303 οὐκ
233 1237 390 1324 ἀφανεῖς,
424 1239 460 1302 οἳ
489 1236 692 1321 συνώμοσαν
720 1234 773 1302 ἐπὶ
799 1237 965 1325 προδοσίᾳ
991 1246 1050 1322 τῆς

38 1345 157 1421 πόλεως
193 1345 383 1430 Ταρκύνιόν
414 1367 449 1409 τε
480 1341 726 1422 καταδέξασθαι
758 1341 961 1427 συνθέμενοι
993 1341 1085 1409 καλιο

38 1454 109 1528 τοὺς
137 1451 284 1528 ὑπάτους
307 1451 508 1516 ἀποκτείναι.
553 1449 713 1535 ἡγεμόνες
737 1447 767 1515 δ’
794 1449 905 1516 αὐτῶν
929 1449 1050 1527 οἵτινες

40 1557 189 1640 ἐγένοντο
216 1555 273 1624 καὶ
300 1553 345 1623 δι’
369 1557 441 1634 οἵας
470 1554 719 1643 ἐξηλέγχθησαν
747 1556 947 1623 ἀνελπίστου
970 1572 1049 1620 συν-

38 1666 145 1749 τυχίας
167 1667 276 1730 καίτοι
298 1662 424 1741 πάντας
441 1656 645 1750 ἀνθρώπους
663 1661 842 1747 λεληθέναι
861 1664 1049 1745 δοκοῦντες,

39 1773 133 1859 μικρὰ
155 1783 223 1837 τῶν
246 1773 437 1856 έμπροσθεν
460 1768 652 1854 γενομένων
678 1769 856 1854 ἀναλαβὼν
879 1767 971 1848 λέξω.

99 1878 160 1944 ΙΙΙ.
191 1877 377 1963 Ταρκύνιος
399 1875 514 1960 ἐπειδὴ
538 1885 596 1961 τῆς
618 1879 787 1960 βασιλείας
809 1874 950 1959 ἐξέπεσε,
973 1877 1049 1961 χρό-
1060 1899 1084 1938 15

38 2008 95 2050 νον
130 1983 192 2069 μέν
228 2005 304 2048 τινα
341 1982 383 2048 οὐ
416 1985 524 2048 πολὺν
560 1981 597 2048 ἐν
629 1985 724 2049 πόλει
738 1984 875 2066 Γαβίοις
907 1980 1050 2067 διέτριβε

37 2092 111 2168 τούς
141 2114 176 2156 τε
209 2093 388 2167 συνιόντας
418 2090 502 2176 πρὸς
532 2089 636 2156 αὐτὸν
667 2089 703 2155 ἐκ
730 2098 789 2174 τῆς
815 2092 943 2166 πόλεως
969 2089 1050 2155 ὑπο-

39 2198 220 2282 δεχόμενος,
244 2189 295 2274 οἷς
316 2191 359 2279 ἦν
382 2185 542 2280 τυραννὶςΙ
563 2196 811 2282 ἀσπαστότερον
833 2205 941 2281 χρῆμα
960 2195 1051 2261 ἐλευ-

37 2307 164 2389 θερίας,
201 2300 258 2370 καδ
293 2312 366 2379 ταῖς
397 2305 555 2368 Λατίνων
592 2301 721 2368 ἐλπίσιν
758 2301 884 2387 ἐπέχων
921 2303 966 2378 ὡς
1002 2303 1047 2366 δι’

39 2409 170 2476 ἐκείνων
201 2412 495 2495 καταχθησόμενος
526 2407 579 2475 ἐπὶ
610 2410 672 2494 τὴν
704 2409 818 2494 ἀρχήν.
869 2409 914 2486 ὡς
945 2402 977 2473 δ’
1009 2409 1049 2475 οὐ
1059 2429 1086 2470 ω

37 2527 213 2602 προσεῖχον
241 2514 330 2603 αὐτῷ
358 2518 417 2581 τὸν
446 2523 532 2581 νοῦν
564 2517 602 2580 αλ
628 2518 741 2593 πόλεις
768 2511 841 2581 οὐδ’
869 2514 1049 2598 ἐβούλοντο

38 2625 178 2708 πόλεμον
202 2619 286 2708 ὑπὲρ
310 2621 415 2686 αάιοῦ
437 2624 485 2700 είς
503 2622 566 2706 τὴν
579 2618 750 2707 Ῥωμαίων
767 2624 867 2687 πόλιν
885 2619 1049 2708 ἐκφέρειν,

39 2726 202 2813 ἀπογνοὺς
218 2730 277 2805 τάς
295 2729 385 2814 παρά
402 2729 532 2795 τούτων
550 2727 751 2814 ἐπικουρίας,
773 2728 820 2804 είς
838 2729 1050 2815 Τυρρηνικὴν

40 2836 237 2922 καταφεύγει
263 2837 363 2901 πόλιν
389 2836 612 2921 Ταρκυνίους,
643 2832 676 2912 ἐξ
699 2829 738 2918 ἧς
759 2834 797 2898 τὸ
820 2834 904 2920 πρὸς
926 2837 1050 2921 μητρὸς

41 2941 124 3030 αὐτῷ
147 2940 246 3027 γένος
268 2937 320 3025 ἦν.
356 2943 472 3018 πείσας
495 2937 532 3006 δὲ
554 2942 595 3006 τά
616 2937 694 3024 τέλη
717 2949 785 3006 τῶν
813 2909 1086 3037 Ταρκυνιητῶνὲ5

108 3131 334 3224 Ῑέκκλησιάζειν
352 3132 457 3187 Reiske
494 3127 686 3202 ἐκκλησίανΟ
777 3129 918 3201 4καθ’ἡ
900 3131 1051 3222 ἡδον<ην>

42 3202 84 3258 Bb
118 3203 189 3260 καθ’
206 3203 329 3274 ηδονδιςλ
410 3198 477 3260 όέκ
495 3207 633 3274 πολλοῦχ
635 3202 720 3273 ρυόνο
738 3203 762 3256 Β
850 3210 882 3258 16
901 3198 952 3258 *ἐν
970 3207 1051 3257 πολει

45 3277 165 3349 Γαβιοββ
182 3276 229 3330 Ba
266 3271 297 3330 ἐν
315 3293 344 3330 π.
365 3275 478 3348 Γαβίων
495 3275 572 3329 ABb
601 3277 651 3330 καλ
669 3270 700 3332 έν
721 3275 834 3348 Γαβίων
851 3272 933 3329 πόλει
951 3271 1051 3330 κοθέν

42 3345 115 3402 πόλει
134 3349 251 3420 Γαβίοις
269 3346 448 3400 scribendum
465 3343 657 3401 videturesse
719 3352 754 3401 22
774 3344 826 3418 είς]
846 3341 934 3437 ἐπλρ.
954 3345 1051 3400 Kiess-

42 3415 98 3488 ling
171 3426 207 3474 23
225 3439 276 3487 τνρ
278 3417 398 3487 αννικὴν
416 3417 443 3471 Α
517 3423 552 3473 24
570 3419 735 3487 ταρκυνίου.
754 3417 801 3505 Βε,
835 3417 986 3486 ταρκόνιος
1003 3417 1050 3470 Bb

44 3503 92 3544 om.
110 3491 135 3544 R
190 3496 225 3545 25
244 3488 308 3558 τέλη
327 3489 373 3542 Βα
407 3488 468 3544 τὲν.
474 3508 491 3558 η
510 3488 556 3543 Bb
575 3491 607 3542 ut
595 3487 746 3556 tvidetur,
764 3485 922 3558 γένειλίλ)
