2394 3912
132 217 198 283 350
561 219 723 271 -5-

132 381 397 466 ἀριστοκρατίας·
429 379 467 456 δς
489 378 648 464 ἀφορμὴν
671 379 786 462 λαβὼν
808 379 871 462 τὴν
889 379 1071 460 Οὐαλερίου
1090 381 1138 463 δη-

95 488 299 572 2μηνορίαν
321 487 488 562 τοιούτοις
505 485 668 573 ἐχρήσατο
687 488 814 569 λόγοις·
845 483 902 551 Ἐν
921 484 1068 551 ἐλάττονι
1086 483 1139 570 μὲν

132 594 222 680 αἰτίᾳ
245 591 332 676 <ἀν>
357 589 540 677 Οὐαλέριος
563 587 621 676 ἦν,
645 593 677 658 εί
697 592 760 676 την
783 593 891 659 αὑτοῦ
913 593 1050 676 γνώμην
1073 591 1140 658 ἀπε-

130 702 260 783 φήνατο
284 702 409 784 μόνην,
431 709 499 764 τῶν
522 694 560 764 δὲ
582 697 744 765 τάναντία
767 698 964 783 ἐγνωκότων
987 699 1030 783 μὴ
1053 723 1140 782 κατη-

104 809 237 891 σγόρει·
268 813 387 890 περιῆν
409 807 474 890 γάρ
498 803 540 870 ἀν
563 805 654 893 αὐτῷ
678 801 786 889 μηδὲν
805 805 950 872 ἀκοῦσαι.
965 814 1032 870 τῶν
1050 823 1141 890 προσ-

132 915 239 977 όντων
276 912 366 1000 αὐτῷ
389 921 522 992 κακῶν.
573 908 644 978 ἐπεὶ
681 907 713 976 δ’
748 911 811 976 ούκ
841 909 1031 997 ἀπέχρησεν
1062 911 1140 998 αὐτῷ

130 1028 268 1084 τοιαῦτα
295 1019 554 1102 συμβουλεύειν,
582 1017 614 1097 ἐξ
644 1012 692 1083 ὧν
719 1014 822 1084 οὐδὲν
849 1015 922 1084 ἀλλ’
949 1017 970 1100 ἢ
999 1027 1069 1094 τοῖς
1093 1042 1141 1082 κα-

130 1127 255 1201 κίστοις
277 1133 345 1189 τῶν
363 1129 509 1190 πολιτῶν
528 1125 768 1209 δουλεύσομεν,
792 1125 876 1190 ἀλλὰ
893 1122 950 1190 καὶ
968 1134 1038 1189 τῶν
1056 1123 1186 1190 &vav-1114

130 1231 317 1316 τιουμένων
341 1231 429 1320 αὐτῷ
453 1233 631 1314 καθήψατο
653 1231 765 1315 κάμοῦ
788 1231 962 1316 ἁψιμάχως
986 1231 1140 1315 ἐμνήσθη,

91 1355 117 1396 10
130 1339 259 1420 πολλὴν
291 1337 441 1421 ἀνάγκην
474 1337 541 1422 δρῶ
572 1335 673 1422 κάμοὶ
699 1335 776 1423 περὶ
803 1338 934 1403 τούτων
962 1339 1069 1404 εἰπεῖν
1094 1335 1141 1402 καὶ

130 1454 263 1526 πρῶτον
282 1443 519 1510 ἀπολύσασθαι
536 1445 595 1521 τὰς
612 1441 683 1509 κατ’
702 1443 849 1528 ἐμαυτοῦ
864 1437 1034 1527 διαβολάς.
1058 1443 1141 1509 ὠνεί-

131 1553 241 1617 δισται
263 1551 327 1637 γάρ
351 1575 408 1635 μοι
430 1552 514 1636 πρὸς
536 1551 642 1616 αὐτοῦ
661 1550 863 1636 ἐπιτήδευμα
882 1551 961 1616 ούτε
980 1551 1141 1615 πολιτικὸν

131 1652 201 1722 οὔτ’
223 1655 393 1742 εὐπρεπές,
417 1658 462 1734 ὡς
485 1657 549 1722 ἀπὸ
571 1659 697 1734 παντὸς
719 1659 982 1743 χρηματίζεσθαι
1004 1653 1141 1743 προῄρη-

130 1788 189 1848 μαι
216 1767 342 1848 τρόπου
369 1761 425 1830 καὶ
450 1766 598 1841 πολλοὺς
622 1773 690 1829 τῶν
713 1767 866 1848 πενήτων
890 1761 1066 1850 ἀφῄρημαι
1088 1763 1141 1846 τὴν

91 1885 116 1927 1⁵
130 1868 343 1960 ἐλευθερίαν,
375 1869 432 1936 καὶ
464 1870 510 1947 ὡς
536 1870 557 1953 ἡ
585 1871 766 1948 ἀπόστασις
792 1879 853 1936 τοῦ
882 1869 997 1954 δημου
1022 1866 1078 1934 καὶ
1099 1866 1137 1934 δι’

129 1972 186 2060 ἐμὲ
214 1976 275 2061 οὐχ
302 1978 419 2060 ἥκιστα
444 1975 598 2061 γέγονεν·
636 1972 684 2042 ὧν
707 1974 809 2043 ούδέν
833 1977 885 2042 ότι
908 1975 1036 2060 ἀληθές
1059 1975 1140 2042 ἐστιν

94 2079 203 2149 Βούδ
227 2080 317 2166 ὑγιὲς
340 2082 460 2170 ῥᾴδιον
482 2084 564 2168 ὑμῖν
582 2091 713 2167 μαθεῖν.
752 2089 805 2148 ίθι
822 2084 898 2169 χάρ,
922 2078 994 2148 είπὲ
1014 2077 1040 2147 ὦ
1062 2083 1139 2154 Οάαη

129 2187 233 2273 λέριε,
261 2192 349 2267 τίνες
377 2189 463 2255 είσὶν
491 2189 551 2268 οὓς
577 2190 880 2274 κατεδουλωσάμην
908 2188 975 2272 ἐγὼ
1004 2192 1087 2275 πρὸς
1107 2192 1139 2254 τὰ

129 2296 223 2381 χρέα;
247 2297 341 2372 τίνας
364 2297 401 2361 ἐν
424 2299 560 2381 δεσμοῖς
581 2298 718 2374 πολίτας
741 2299 841 2380 ἔσχον
864 2295 884 2379 ἢ
908 2304 975 2361 νῦν
996 2299 1076 2381 ἐχως
1099 2299 1139 2372 τίς

90 2421 116 2460 20
128 2414 197 2468 τῶν
224 2403 459 2488 ἀφεστηκότων
489 2404 544 2468 διά
571 2405 632 2487 τὴν
660 2402 743 2488 ἐμὴν
766 2403 919 2486 ὠμότητα
942 2402 964 2486 ἢ
988 2407 1139 2488 φιλοχρη-

115 2511 249 2594 ματίαν
282 2509 517 2594 στέρεταιτης
549 2507 671 2574 ἑαυτοῦ
699 2511 876 2596 πατρίδος·;
911 2506 984 2574 ἀλλ’
1017 2509 1078 2574 οὐκ
1103 2508 1138 2574 ἀν

129 2618 217 2701 ἔχοις
244 2617 357 2681 εἰπεῖν.
402 2616 567 2681 τοσούτου
594 2617 659 2701 γάρ
687 2613 753 2681 δέω
781 2617 857 2681 τινὰ
879 2620 1027 2681 πολιτῶν
1050 2637 1138 2681 κατα-

129 2723 363 2790 δεδουλῶσθαι
387 2723 443 2786 διδ
465 2721 576 2808 χρέος,
603 2723 686 2787 ὥστε
709 2726 847 2800 πολλοῖς
868 2721 960 2787 πάνυ
982 2724 1024 2786 τά
1047 2721 1137 2807 ἐμαυ-

105 2813 188 2895 ιτοῦ
211 2827 395 2916 προέμενος
418 2826 542 2894 ούδένα
565 2835 632 2893 τῶν
656 2827 958 2914 ἀποστερησάντων
981 2851 1022 2912 με
1044 2830 1137 2914 πρόσ-

88 2954 113 2996 25
126 2943 231 3004 θετον
267 2934 472 3020 ἐποιησάμην
510 2932 590 3001 οὐδὲ
620 2936 753 3019 ἀτιμον,
791 2933 874 3000 ἀλλά
906 2935 1028 3012 πάντες
1060 2933 1183 3000 είσίνθῖό

128 3045 302 3126 ἐλεύθεροι
328 3039 384 3105 καὶ
411 3042 531 3118 πάντες
559 3042 672 3106 οίδασί
697 3064 754 3125 μοι
776 3041 874 3126 χάριν
899 3044 1010 3124 φίλων
1031 3065 1067 3106 τε
1089 3038 1136 3106 καὶ

127 3268 164 3323 ιι
182 3197 539 3322 λάθωλθδίλδ
578 3187 718 3324 3,ιῖἕίτά
737 3196 773 3253 ³⁹
787 3167 859 3325 λδι
877 3197 920 3324 ἀ
937 3191 1136 3323 λόδλέλ

128 3312 236 3400 παντὸςΙ
256 3355 280 3392 ο.
300 3337 389 3392 Cobet
406 3338 472 3392 Obs.
491 3356 519 3407 p.
540 3285 592 3394 134
676 3348 708 3396 15
727 3341 777 3395 καὶ
795 3290 961 3396 ἀεὶίαῦοδιιέθ
979 3340 998 3396 l.
1017 3340 1035 3394 l.
1106 3346 1135 3393 23

129 3409 324 3461 δεδουλῶσθαι
342 3407 422 3478 χρέος
435 3408 483 3464 Aa
509 3411 534 3463 δ.
551 3410 600 3464 διὰ
614 3409 677 3480 χέος
690 3412 739 3466 Ab
768 3414 1040 3467 καταδεδουλῶσθαι
1057 3408 1136 3480 χρέως

129 3474 152 3524 Β
189 3479 456 3533 καταδεδουλῶσθαι
474 3479 523 3533 διὰ
541 3479 622 3551 χρέος
639 3481 664 3533 D
701 3503 726 3536 κ,
744 3483 815 3553 πρὸς
833 3481 920 3555 χρέως
939 3483 1029 3538 Cobet
1045 3481 1100 3536 LL
