2384 3902
451 209 611 260 -ς-

26 368 179 454 θορύβου
208 367 263 434 καλ
293 370 462 434 παντοίων
491 371 693 450 γυναικείων
723 369 881 454 ὀδυρμῶν
911 369 1041 455 ἐνεπίμ-

26 480 135 539 πλατο.

87 579 245 647 XXVIII.
283 577 389 647 Ταῦθ’
412 581 556 665 ὁρωντες
583 582 620 646 οί
644 579 821 664 βουλευταὶ
843 584 903 649 τὸν
926 582 1041 669 έτερον

26 699 88 752 τῶν
110 687 250 752 ὑπάτων
264 692 479 773 Σερουίλιον,
504 688 540 765 ὃς
563 688 600 753 ἐν
623 695 669 776 τῷ
693 690 833 772 παρόντι
855 691 1040 755 πιθανώτε-

28 817 79 876 ρος
101 789 191 860 εἶναι
214 805 285 871 τοῖς
307 799 444 871 πολλοῖς
467 795 585 876 ἐδόκει,
609 797 752 878 βοηθεῖν
771 793 904 861 ἐδέοντο
922 805 962 881 τῇ
981 817 1062 861 vta-⁶

27 901 116 982 τρίδι.
165 899 183 964 ὁ
209 897 247 965 δὲ
270 899 478 984 συγκαλέσας
500 901 582 984 (τὸν
606 901 735 985 δήμον>
758 903 805 978 είς
826 902 889 985 τήν
912 901 1040 986 ἀγοράν

27 1015 80 1070 τοῦ
102 1010 272 1092 παρόντος
294 1016 415 1092 καιροῦ
437 1006 499 1089 τήν
522 1006 671 1090 ἀνάγκην
695 1006 907 1073 ἐπεδείκνυεν
930 1007 1040 1073 οὐκέτι

27 1113 296 1198 προσδεχομένην
327 1113 499 1192 πολιτικάς
530 1116 737 1196 φιλονεικίας
769 1111 825 1178 καὶ
851 1111 948 1197 ήξίου
975 1123 1040 1179 νῦν

28 1216 80 1302 μὲν
103 1219 207 1304 ὁμόσε
231 1231 303 1296 τοῖς
324 1223 496 1302 πολεμίοις
518 1229 639 1304 χωρεῖν
662 1227 758 1303 κοινή
782 1219 898 1305 γνώμη
917 1236 1040 1304 χρησα-

28 1325 141 1408 μένους
165 1325 224 1391 καὶ
247 1326 291 1412 μή
316 1326 478 1411 περιιδεῖν
501 1325 687 1390 ἀνάστατον
705 1325 767 1408 τήν
785 1325 930 1409 πατρίδα
948 1349 1075 1408 γινο-ιο

28 1432 135 1516 μένην,
150 1432 190 1498 ἐν
210 1422 231 1519 ᾗ
250 1430 327 1498 θεοὶ
345 1438 494 1519 πατρῷοι
513 1429 568 1496 καὶ
581 1437 683 1514 θῆκαι
698 1433 877 1516 προγόνων
891 1429 1040 1508 ἑκάστοις

27 1534 119 1623 ήσαν,
145 1539 167 1606 δλ
192 1539 372 1624 τιμιώτατά
395 1537 464 1603 ἐστι
488 1546 589 1602 πᾶσιν
613 1537 820 1622 ἀνθρώποις·
853 1535 982 1620 γονέων
1004 1559 1039 1602 τε

28 1647 102 1710 αίδῶ
131 1649 252 1730 λαβεῖν
276 1644 337 1729 οὐχ
362 1645 488 1712 ἱκανῶν
511 1642 682 1727 ἐσομένων
705 1642 835 1721 ἑαυτοῖς
858 1646 914 1710 διδι
937 1654 1040 1731 γῆρας

29 1749 176 1836 ἀμύνειν,
207 1749 263 1817 καὶ
290 1761 461 1834 γυναικῶν
489 1751 584 1815 έλεον
613 1749 652 1826 δς
675 1751 792 1816 αὐτίκα
815 1751 903 1835 μάλα
927 1752 1040 1828 δεινάς

8 1855 76 1922 ιλκαλ
107 1858 304 1945 ἀφορήτους
330 1858 445 1941 ὕβρεις
477 1855 821 1941 ἀναγκασθησομένας
848 1856 1038 1941 ὑπομενεῖν,
1050 1877 1076 1919 ιο

28 1963 161 2045 μάλιστα
192 1961 230 2030 δέ
257 1965 389 2030 παίδων
413 1966 462 2028 ἔτι
483 1967 613 2048 νηπίων
637 1963 699 2029 οὐκ
722 1960 775 2029 ἐπὶ
797 1965 966 2041 τοιαύταις
989 1965 1040 2031 έλ-

27 2073 112 2136 τίσιν
136 2068 402 2156 ἀνατραφέντων
426 2070 585 2154 οίκτεῖραι
609 2069 719 2152 λώβας
742 2066 796 2133 καί
814 2075 1039 2153 προπηλακισ-

29 2180 102 2258 μοὺς
125 2177 292 2260 ἀνηλεεῖς·
316 2177 398 2240 ὅταν
418 2172 455 2240 δὲ
472 2176 533 2240 τὸν
550 2178 699 2260 παρόντα
717 2176 881 2242 κίνδυνον
897 2177 1074 2254 ἅπαντες2

29 2281 151 2365 ὁμοίαις
171 2286 377 2368 προθυμίαις
396 2282 599 2367 χρησάμενοι
617 2282 884 2365 παραλύσωνται,
904 2286 977 2348 τότε
997 2283 1038 2367 δή

29 2401 173 2474 σκοπεῖν,
202 2392 278 2453 τίνα
306 2392 432 2474 τρόπον
464 2393 540 2470 ίσην
567 2385 622 2452 καί
649 2389 768 2472 κοινήν
795 2386 850 2453 καί
873 2391 1039 2473 σωτήριον
1049 2410 1076 2450 ιο

28 2496 121 2562 ἅπασι
149 2495 214 2579 τήν
241 2497 413 2560 πολιτείαν
442 2495 718 2576 καταστήσονται,
747 2495 827 2578 μήτε
849 2505 918 2560 τῶν
939 2498 1039 2580 πενή-

28 2625 87 2667 των
114 2602 407 2686 ἐπιβονλευόντων
429 2609 502 2676 ταῖς
523 2610 590 2664 τῶν
614 2601 785 2665 πλουσίων
809 2601 939 2680 οὐσίαις
962 2599 1036 2688 μήτ’
1058 2672 1061 2678 ,

1116 1306 1139 1358 ,Α

93 2837 106 2884 1
128 2825 286 2899 ἐπίμπλατο
307 2827 329 2881 Ο
367 2822 555 2896 ἐνεπίμπλατο
579 2825 668 2880 Cobet
686 2827 752 2885 ebs.
771 2847 798 2898 p.
816 2835 867 2884 117
940 2837 955 2884 3
974 2833 1041 2900 poet

29 2901 71 2955 τόν
90 2899 188 2972 ἕτερον
206 2898 390 2970 μοτῖὶοἱμὶωω
409 2897 548 2952 excidisse
568 2913 591 2953 ο.
612 2897 702 2954 Cobet
719 2899 784 2954 Obs.
804 2917 831 2970 p.
848 2907 899 2956 117
955 2909 970 2956 6
989 2901 1039 2956 τὸν

30 2972 111 3040 δῆμον
137 2971 198 3026 sive
217 2971 248 3025 τὸ
267 2974 378 3039 πλῆθος
397 2969 533 3024 excidisse
553 2985 575 3024 e.
595 2969 697 3024 Portus
789 2978 822 3025 10
841 2991 906 3042 γενο
928 2969 996 3041 ένην
1016 2972 1039 3027 0

30 3042 174 3114 γινομένην
193 3041 323 3097 Ηεελλεὶω
341 3040 459 3095 Hermes
477 3041 503 3094 X
516 3045 568 3093 415
639 3048 671 3095 11
690 3041 740 3096 καὶ
759 3040 814 3112 ἔθη
833 3042 882 3097 κοιλ
929 3042 952 3094 Β
990 3043 1040 3097 καί

30 3117 113 3182 θήκαι
130 3114 185 3168 ΒΕ
265 3119 298 3168 12
319 3110 394 3167 ἐστιν
413 3111 519 3166 άπασιν
540 3111 562 3165 O
581 3114 693 3180 praeter
711 3113 734 3166 B
814 3121 847 3168 14
867 3112 944 3168 ἔλεον
963 3112 997 3176 δις
1016 3113 1039 3168 0

32 3181 101 3240 ἔλεον
123 3194 180 3240 τῶν
198 3183 286 3255 vulgo
324 3183 358 3246 ἃς
376 3181 430 3237 del.
450 3183 539 3237 editio
558 3181 778 3253 Kiesslingiana,
798 3185 835 3248 ὡς
852 3201 875 3238 ο,
895 3183 1040 3254 Kiessling

31 3254 69 3310 Pr.
87 3257 150 3310 Bes.
170 3273 197 3326 p.
218 3261 249 3309 17
344 3260 376 3308 15
396 3253 614 3324 ἀπορρήτουςΟ
651 3255 812 3326 ἀφορήτους
830 3254 976 3323 Kiessling
993 3255 1038 3310 Pr.

32 3325 91 3381 Βωοξ
101 3347 128 3398 p.
145 3334 178 3383 17
196 3335 200 3392 Ι
217 3323 510 3396 ἀναγκασθησομένας
525 3325 547 3379 O
567 3325 864 3398 ἀναγκασθησομένων
878 3326 1039 3396 Stephanus

33 3395 100 3459 ἃς-
112 3394 406 3470 ἀναγκασθησομένας
424 3397 479 3451 δπο
501 3403 576 3451 ενεῖν
590 3398 736 3452 Μεωλιοετ
748 3417 774 3468 p.
786 3405 838 3453 257
895 3404 927 3453 19
946 3416 1040 3468 παρα-

33 3469 172 3542 λύσωνται]
194 3468 426 3539 ἀποκροόσωνται
444 3417 499 3522 veI
510 3468 679 3524 ἀπώσωνται
697 3487 719 3522 ο.
741 3469 861 3538 Sylburg
