2394 3912
147 209 213 274 364
579 209 739 260 -ς-

212 370 381 436 LXVIIII.
412 366 512 436 Ταῦτ’
535 372 638 450 εἰπὼν
667 369 844 435 ἐπαύσατο.
892 367 962 436 ἐπεὶ
988 363 1015 434 θ’
1035 371 1068 434 αί
1087 381 1146 434 τῶν

146 475 380 564 πρεσβυτέρων
411 487 541 560 γνῶμαι
572 485 612 561 τῇ
647 479 822 559 Μενηνίου
855 474 1069 562 προσέθεντο,
1100 474 1148 540 καὶ

146 591 295 668 καθῆκεν
327 583 345 648 ὁ
377 586 487 666 λόγος.
508 580 563 648 ἐπὶ
589 585 669 659 τοὺς
695 580 896 668 νεωτέρους,
929 581 1033 668 ὀρθῆς
1058 583 1178 664 ούσηςιι

147 691 276 774 ἁπάσης
297 697 357 774 τῆς
379 693 503 774 βουλῆς
525 688 697 755 ἀνίσταται
712 693 861 775 Σπόριος
876 689 1035 772 Ναύτιος,
1057 690 1150 763 οίκίας

120 797 185 863 ὀέν
216 807 286 874 τοῖς
312 797 401 862 πάνυ
429 797 662 883 λαμπροτάτης
689 797 859 881 διάδοχος·
897 796 915 861 ὁ
943 797 1008 881 γὰρ
1033 795 1148 879 ἡγεμὼν

147 905 259 970 αὐτῶν
281 913 342 968 τοῦ
365 902 485 986 γένους
508 904 657 980 Ναύτιος
680 902 745 968 ἀπὸ
768 914 836 968 τῶν
860 903 925 968 σὺν
940 903 1059 988 Αίνείμ
1079 919 1147 966 στει·

148 1011 278 1076 λάντων
308 1011 370 1094 τὴν
392 1008 560 1092 ἀποικίαν,
583 1009 620 1087 ὃς
642 1005 686 1094 ἣν
705 1003 850 1093 Ἀθηνᾶς
870 1009 980 1094 ἱερεὺς
998 1009 1149 1083 Πολιάδος

147 1114 202 1182 καὶ
228 1118 266 1180 τὸ
296 1115 417 1194 ξόανον
446 1113 653 1199 ἀπηνέγκατο
681 1124 740 1198 τῆς
766 1123 850 1192 θεάς
877 1115 1148 1200 μετανιστάμενος,

148 1222 165 1288 ὃ
195 1222 418 1304 διεφύλαττον
445 1223 541 1288 άλλοι
568 1216 646 1307 παρ’
668 1223 779 1287 άλλων
802 1221 1151 1306 μεταλαμβάνοντεςοί

108 1346 134 1386 10
147 1337 208 1394 τοῦ
232 1328 351 1411 γένους
374 1330 467 1405 ὄντες
489 1336 549 1395 τοῦ
564 1330 740 1395 Ναυτίων·
764 1328 801 1404 ὃς
824 1327 934 1394 ἐθάκει
957 1325 1015 1393 καὶ
1034 1329 1084 1394 διὰ
1099 1329 1149 1410 τὴν

148 1436 275 1500 οἰκείαν
303 1435 425 1521 ἀρετὴν
452 1439 680 1520 λαμπρότατος
704 1429 881 1499 εἶναιτῶν
904 1433 1003 1519 νέων,
1028 1433 1079 1500 καὶ
1099 1434 1149 1499 οὐκ

112 1542 195 1618 2είς
218 1543 348 1628 μακρὰν
370 1550 428 1625 τῆς
450 1541 611 1625 ὑπατικῆς
634 1540 786 1620 ἐξουσίας
808 1541 996 1621 τεύξεσθαι.
1030 1540 1149 1626 ἀρξάμε-

147 1672 207 1726 νος
235 1645 264 1712 θ’
288 1648 529 1731 ἀπολογείσθαι
551 1649 670 1732 κοινὴν
694 1648 879 1732 ἀπολογίαν
901 1644 988 1734 ὑπὲρ
1012 1648 1149 1713 ἁπάντων

147 1766 215 1819 των
241 1754 345 1838 νέων,
373 1755 418 1831 ὡς
441 1755 518 1819 ούτε
541 1757 731 1841 φιλονεικία
753 1763 793 1840 τῇ
816 1757 900 1841 πρὸς
921 1757 1003 1832 τοὺς
1025 1753 1149 1838 πατέρας

109 1877 134 1916 15
150 1861 227 1925 ούτε
255 1860 422 1947 αὐθαδείᾳ
449 1861 685 1947 χρησαμένων,
714 1862 769 1926 ὅτε
795 1863 858 1946 τὴν
885 1861 1045 1927 ἐναντίαν
1068 1864 1148 1945 ἔσχον

148 1965 185 2031 ἐν
203 1974 243 2051 τῇ
261 1965 407 2054 προτέρᾳ
425 1970 531 2052 βουλῇ
550 1971 757 2054 προαίρεσιν,
782 1966 854 2034 ἀλλ’
872 1975 965 2054 εἴπερ
984 1970 1050 2054 άρα
1063 1967 1148 2052 ἡμάρ-

146 2096 250 2138 τανον
278 2074 334 2138 διά
360 2074 422 2157 την
449 2073 584 2156 ἡλικίαν
611 2075 727 2160 γνώμη
756 2073 970 2160 σφαλέντων,
1003 2080 1147 2141 τελευτῶν

147 2183 211 2265 ἔφη
248 2182 286 2246 τὸ
323 2169 443 2246 πιστὸν
478 2181 601 2246 τούτου
638 2179 842 2264 παρέξεσθαι
874 2183 937 2266 τὴν
969 2181 1147 2266 μεταβολήν.

148 2297 334 2372 συγχωρεῖν
361 2297 446 2370 γοῦν
469 2287 582 2364 αὐτοῖς
605 2287 650 2364 ὡς
673 2289 812 2372 ἄμεινον
835 2295 1026 2373 φρονοῦσιν
1048 2288 1147 2368 ἐπιφη-

11 2419 12 2424 ’
106 2411 133 2451 2⁰
146 2396 303 2478 φίζεσθαι
331 2402 413 2476 πᾶν,
442 2394 460 2458 ὅ
483 2416 514 2458 τι
539 2393 580 2459 ἂν
603 2394 749 2477 ἡγῶνται
771 2403 817 2483 τῷ
841 2403 944 2482 κοινῷ
968 2393 1147 2480 συμφέρειν,

146 2499 191 2576 ὡς
219 2496 321 2565 ούθέν
344 2510 442 2584 σφῶν
464 2523 501 2582 γε
524 2502 608 2586 πρὸς
629 2498 722 2566 ταῦτ’
747 2500 1057 2586 ἐναντιωσομένων,
1079 2499 1185 2565 άλλὰιιλ

111 2605 354 2690 ὃπεισομένων
379 2617 456 2683 τοϊς
486 2604 732 2693 πρεσβυτέροις.
774 2608 872 2692 ὅμοια
904 2605 941 2673 δὲ
970 2609 1076 2696 τούτῳ
1105 2603 1147 2672 καὶ

145 2723 213 2778 τῶν
241 2713 352 2778 άλλωυ
380 2711 467 2778 νέων
496 2712 767 2798 ἀποφηναμένων
794 2713 886 2792 ἐκτὸς
914 2715 1040 2799 ὀλίγων
1061 2727 1147 2780 τινῶν

146 2821 236 2885 πάνυ
264 2829 332 2883 τῶν
352 2813 491 2886 Ἀππίου
515 2831 687 2904 συγγενῶν
712 2820 942 2898 ἐπαινέσαντες
964 2823 1028 2906 την
1050 2822 1147 2888 εύκοσ

105 2947 131 2988 τε
146 2931 226 3013 μίαν
255 2925 365 2992 αὐτῶν
394 2927 428 2991 οί
453 2927 573 2992 ύπατοι
600 2925 655 2992 καὶ
679 2925 965 3012 παρακαλέσαντες
988 2929 1036 3005 είς
1057 2931 1146 2994 πάντα

218 3127 234 3175 3
249 3118 374 3187 καθήκε.
384 3119 431 3174 Ba
476 3124 492 3172 5
506 3115 537 3174 ἐν
546 3124 607 3183 ταῖς
616 3117 693 3174 πάνυ
703 3118 910 3189 λαμπροτάταις
920 3121 942 3175 Ο
957 3136 1028 3175 corr.
1039 3119 1145 3174 Sintenis

122 3223 124 3229 ,
145 3192 207 3244 Em.
227 3190 310 3246 Dion.
325 3191 350 3242 Π
365 3197 399 3246 33
472 3197 487 3244 6
507 3191 612 3261 αὐτῶν]
634 3191 708 3264 αύτῷ
728 3207 750 3244 ο.
771 3190 896 3246 Sintenis
915 3193 933 3248 l.
953 3192 971 3246 l.
1046 3193 1146 3246 ’λάτοι-

145 3263 259 3322 κείανος
277 3261 324 3314 Ba
364 3261 514 3316 ἀποικίαν·
535 3259 565 3324 ὃς
583 3261 660 3314 ABb
702 3259 732 3324 ὃς
751 3261 805 3316 del.
824 3262 928 3318 Reiske
966 3260 1007 3325 εἷς
1024 3280 1047 3319 ο.
1064 3263 1145 3317 Kiess-

145 3330 214 3398 ling·
285 3326 533 3400 8ἐπενέγκατοΒ
612 3338 644 3385 10
663 3334 794 3388 Ναυτίου
813 3331 843 3396 ὃς
861 3335 908 3389 Bb
944 3334 1110 3407 Ναντιοίίίίίί
1125 3353 1145 3395 ος

145 3399 436 3520 ξΙωούἃὲΙὲἑτάντων
455 3401 477 3454 Β
545 3409 577 3456 19
595 3405 774 3473 ψηφίζεσθαι
792 3422 815 3462 ο.
836 3405 1002 3461 dubitanter
1020 3405 1145 3473 Kiessling
