2400 3912
534 248 698 296 -A-
1085 246 1126 310 13

103 403 212 470 ἀθλία
236 402 293 469 καί
315 407 520 489 θεοβλαβής,
543 403 621 472 ὥστ’
643 405 863 494 ἀφαιρεῖσθαι
885 405 947 493 μὲν
964 420 1032 475 τῶν
1051 407 1127 475 ἕαυ

101 520 165 595 τῆς
191 511 321 577 τέκνων
348 511 392 594 ἣν
419 511 594 578 κατέλιπεν
622 514 735 590 αὐτοῖς
758 513 776 579 ὁ
800 515 908 600 πατὴρ
931 515 1053 601 ἀρχήν,
1080 523 1126 602 τῷ

103 613 138 682 δ’
163 617 330 707 ἀλλοτρίῳ
358 617 414 684 καὶ
437 618 473 685 ἐκ
496 621 621 705 δούλης
642 623 806 705 γεγονότι
818 625 1025 707 χαρίζεσθαι·
1053 617 1124 686 οὔτ’

102 723 149 797 ἂν
178 722 276 791 αὐτοὶ
303 733 362 809 τῆς
386 723 540 816 πατρῴας
562 726 664 812 ἀρχῆς
686 727 969 813 ἀποστερούμενοι
991 729 1128 814 φαύλως

102 829 163 897 καὶ
195 831 361 918 ῥᾳθύμως
392 833 430 898 τὸ
463 833 607 918 ἀδίκημα
639 835 785 918 ἤνεγκαν
812 831 867 900 καί
893 832 985 901 ταῦτ’
1018 833 1055 900 έν
1086 843 1154 918 τηε

103 940 268 1024 κρατίστῃ
291 947 354 1004 τού
376 937 487 1022 λέγειν
508 963 543 1006 τε
566 938 622 1006 καί
639 941 796 1026 πράττειν
815 943 909 1018 ὄντες
926 941 1026 1026 ἀκμῇ·
1050 941 1127 1006 ούτε

101 1045 171 1128 γάρ
204 1044 359 1132 εὐγενείᾳ
390 1055 545 1132 προεῖχεν
577 1046 688 1111 αὐτῶν
719 1046 737 1112 ὁ
769 1047 909 1124 Τύλλιος
941 1047 978 1113 έκ
1005 1047 1128 1131 δούλης

102 1151 232 1236 μητρὸς
256 1152 305 1216 ὢν
329 1149 406 1217 οὔδ’
432 1152 561 1236 ἡλικίας
583 1152 742 1237 ἀξιώματι
764 1154 853 1239 παρά
870 1155 957 1218 πολὺ
976 1155 1128 1238 διήλλατ-

101 1279 179 1341 τεν,
220 1257 304 1324 άλλά
339 1255 428 1344 τρισί
465 1260 571 1343 μόνον
608 1260 694 1324 ἔτεσι
725 1257 874 1344 θατέρου
904 1262 1128 1345 πρεσβύτερος

104 1359 165 1447 ἦν·
194 1359 275 1429 ὥστ’
301 1363 364 1430 οὐκ
386 1365 429 1430 άν
450 1388 489 1448 γε
511 1365 752 1452 παρεχώρησαν
775 1364 864 1454 αὐτῷ
883 1374 941 1448 τῆς
959 1369 1128 1448 βασιλείας
1141 1388 1167 1427 10

103 1469 248 1548 ἑκόντες.

174 1576 248 1643 VII.
268 1575 360 1662 Ἔχει
383 1572 420 1642 δὲ
442 1574 497 1642 καὶ
520 1578 623 1654 άλλας
644 1578 739 1670 τινάς
758 1579 798 1643 τὸ
820 1585 955 1662 πρᾶγμα
978 1575 1126 1660 ἀτοπίας,

104 1684 146 1761 ἃς
180 1684 324 1760 ἅπαντες
356 1683 528 1767 ἠγνόησαν
560 1684 596 1750 οί
624 1685 666 1749 τὰ
691 1679 855 1768 Ῥωμαϊκὰ
886 1683 1127 1768 συνταξάμενοι

49 1791 201 1874 σοῙπλην
226 1787 313 1872 ἑνός,
336 1785 378 1854 οὗ
401 1790 482 1874 μετά
504 1791 624 1876 μικρὸν
643 1790 707 1875 ἐρῶ
726 1790 885 1874 τούνομα.
918 1790 1127 1874 ὡμολόγηται

102 1898 183 1984 γάρ,
208 1896 261 1961 ὅτι
283 1897 364 1980 μετὰ
380 1897 443 1980 τὴν
461 1899 651 1983 Ταρκυνίου
669 1898 826 1981 τελευτὴν
843 1898 1047 1983 παραλαβὼν
1065 1898 1126 1980 τὴν
1141 1916 1166 1956 ω

104 2005 285 2087 βασιλείαν
312 2002 453 2078 Τύλλιος
482 1999 532 2067 ἐπ’
559 2005 615 2086 ἔτη
643 2004 883 2091 τετταράκοντα
909 2000 965 2068 καὶ
988 2002 1126 2087 τέτταρα

102 2108 282 2193 κατέσχεν,
311 2105 388 2174 ὥστ’
417 2110 448 2174 εί
468 2106 538 2174 κατ’
561 2108 691 2175 ἐκεῖνον
718 2112 778 2176 τὸν
801 2113 926 2194 χρόνον
950 2108 1126 2176 ἑκτακαιει-

105 2213 272 2300 κοσαέτης
293 2211 349 2298 ἦν,
372 2211 420 2280 ὅτ’
442 2214 652 2301 ἀπεστερεῖτο
669 2223 728 2300 τῆς
746 2215 848 2298 ἀρχῆς
866 2214 884 2280 ὁ
903 2217 1128 2301 πρεσβύτερος

103 2331 177 2387 τῶν
210 2323 423 2406 Ταρκυνίων,
455 2317 538 2406 ὑπὲρ
572 2320 799 2406 ἑβδομήκοντα
826 2322 882 2405 ἔτη
910 2323 1057 2403 γεγονὼς
1084 2321 1126 2386 άν

104 2424 166 2512 ἦν,
195 2427 251 2493 ὅτε
278 2429 338 2492 τὸν
365 2428 510 2492 Τύλλιον
537 2425 737 2492 ἀπέκτεινεν.
774 2426 813 2492 ἐν
838 2429 995 2513 κρατίστη
1025 2426 1065 2493 δέ
1089 2409 1165 2524 γ’Ξθ

107 2533 216 2600 αὐτὸν
238 2532 352 2620 ἡλικίᾳ
374 2529 443 2599 τότ’
469 2534 550 2598 ὄντα
572 2533 851 2620 παραδεδώκασιν
870 2533 905 2597 οί
921 2545 1126 2621 συγγραφεῖς

107 2643 167 2705 καί
191 2656 314 2724 φασιν,
343 2641 395 2704 ὅτι
421 2638 566 2704 Τύλλιον
593 2639 693 2716 αὐτὸς
715 2638 881 2726 ἀράμενος
904 2639 940 2704 ἐκ
962 2649 1024 2706 τοῦ
1047 2644 1126 2725 βου-

104 2749 289 2832 λευτηρίου
312 2742 367 2810 καί
391 2744 505 2831 φέρων
528 2744 589 2824 ἔξω
613 2747 695 2810 κατὰ
713 2757 781 2810 τῶν
798 2747 972 2831 κρηπίδων
991 2745 1125 2832 ἐξέχεεν.

105 2855 129 2936 ἥ
154 2847 184 2916 τ’
210 2851 248 2917 έκ
269 2860 328 2935 τῆς
350 2851 452 2937 ἀρχῆς
471 2854 631 2928 ἔκπτωσις
649 2851 753 2917 αὐτοῦ
770 2854 898 2934 γίνεται
916 2851 1051 2939 πέμπτῳ
1070 2852 1126 2918 καὶ

103 2963 249 3048 εἰκοστῷ
274 2959 355 3042 μετὰ
377 2952 469 3023 ταῦτ’
496 2961 571 3040 ἔτει,
594 2955 651 3022 καὶ
673 2959 780 3045 τούτῳ
799 2965 845 3047 τῷ
865 2961 929 3023 ἔτει
948 2962 1123 3043 στρατευό-
1138 2978 1163 3019 25

103 3089 209 3152 μενος
223 3066 319 3152 ἐντῷ
334 3066 418 3152 πρὸς
428 3061 604 3150 Ἀρδεάτας
618 3063 783 3148 εἰσάγεται
800 3063 934 3152 πολέμω
948 3063 1004 3128 καὶ
1017 3064 1124 3130 πάντα

179 3300 254 3348 2τω
241 3289 517 3348 δ’ΒτῶδὲΒ
589 3287 1126 3384 ΤαύτουςΑΒΙέύητκδολςγιηρδς

103 3350 275 3422 ενωείο
361 3348 584 3454 mmmm
671 3362 874 3418 πείκετε
961 3370 993 3420 1⁷
1014 3366 1125 3421 σεεο

103 3437 163 3526 ὥρτ
165 3434 223 3491 ἐί
245 3435 405 3505 Stephanus
479 3442 511 3490 19
532 3429 726 3507 ἑβδομήκοντα
749 3433 780 3490 δὲ
804 3435 883 3490 ABG
950 3441 984 3490 24
1003 3438 1124 3507 γίνεται·

103 3505 385 3581 πέμπτωδὲκαίΒ
