2400 3912
142 195 187 261 40
569 199 735 248 -Λ-

142 380 211 424 των
244 355 391 422 ἀπέδωκε
423 367 490 424 τῶν
521 368 646 423 κοινῶν
679 356 793 433 αύτοίς
819 355 981 441 μετέχειν,
1013 351 1057 421 ὧν
1079 368 1133 434 τοῖς

144 466 257 541 ἀλλοις
280 465 480 549 δημοτικοῖς.

211 571 334 637 XXIII.
363 566 575 657 Ἀχθομένων
595 568 632 637 δὲ
650 582 718 638 τῶν
731 576 914 659 πατρικίων
928 569 982 637 ἐπὶ
995 578 1039 659 τῷ
1052 571 1134 656 πράγ-

145 702 221 762 ματι
244 676 300 744 καὶ
321 680 660 763 δυσανασχετούντων
683 677 889 763 συγκαλέσας
906 680 944 744 τὸ
963 683 1087 761 πλῆθος
1101 679 1136 752 είς

122 784 321 868 εέκκλησίαν
345 789 488 869 Πρῶτον
515 781 576 869 μὲν
598 785 798 870 θαυμάζειν,
822 786 902 868 ἔφη,
925 795 994 850 τῶν
1017 783 1137 866 ἀγανακ-

145 893 304 974 τούντων,
328 892 360 955 εί
376 898 415 976 τῇ
434 892 535 976 φύσει
551 893 590 957 τὸ
609 891 791 977 ἐλεύθερον
810 897 939 957 οἴονται
956 899 1019 955 τοῦ
1033 891 1138 955 δούλου

146 997 336 1082 διαφέρειν,
365 991 436 1063 ἀλλ’
459 998 500 1064 ού
525 1006 565 1084 τῇ
588 998 684 1085 τύχη·
722 995 821 1064 ἔπειτ’
847 1001 879 1063 εί
900 999 944 1083 μὴ
969 1007 1039 1075 τοῖς
1059 998 1139 1080 ἤθεσι

146 1102 200 1168 καί
228 1115 298 1180 τοῖς
324 1107 459 1189 τρόποις
486 1103 671 1184 ἐξετάζουσι
698 1109 777 1183 τοὺς
805 1103 918 1183 ἀξίους
944 1115 1012 1168 τῶν
1038 1107 1140 1183 καλόν,

146 1209 229 1275 ἀλλά
256 1221 327 1287 ταῖς
359 1214 565 1296 συντυχίαις,
599 1212 742 1296 ὁρῶντες
773 1213 817 1289 ὡς
849 1211 1064 1295 ἀστάθμητόν
1088 1209 1141 1274 ἐστι

109 1325 278 1401 ιοπρᾶγμα
306 1316 441 1403 εὐτυχία
468 1316 523 1383 καὶ
550 1319 792 1406 ἀγχίστροφον,
823 1316 877 1384 καί
901 1315 1017 1384 ούδενλ
1042 1313 1142 1404 ῥηίδιον

145 1425 250 1490 είπείν
287 1421 367 1490 ούδέ
397 1436 465 1490 τῶν
496 1426 586 1490 πάνυ
618 1428 790 1509 μακαρίων
822 1425 917 1511 μέχρι
947 1427 1041 1501 τίνος
1071 1423 1142 1509 αὐτῷ
1180 1421 1181 1474 ἶ

111 1530 305 1615 2παρέσται
332 1534 467 1616 χρόνου.
504 1531 598 1615 ἠξίου
621 1525 652 1594 τ’
678 1531 800 1608 αὐτοὺς
823 1543 975 1614 σκοπεῖν,
999 1532 1076 1597 ὅσαι
1097 1497 1184 1613 μὲνελά

146 1638 211 1720 ἤδη
234 1640 346 1713 πόλεις
369 1637 406 1702 ἐκ
428 1637 581 1713 δουλείας
599 1635 781 1720 μετέβαλον
800 1637 847 1714 είς
865 1636 1065 1721 ἐλευθερίαν
1082 1636 1145 1719 βάρ-
1183 1605 1185 1700 δ

146 1746 248 1827 βαροί
268 1767 302 1808 τε
325 1741 380 1808 καί
399 1739 601 1826 Ἑλληνίδες,
625 1743 700 1808 ὅσαι
724 1741 755 1808 δ’
778 1745 825 1820 είς
844 1744 1001 1808 δουλείαν
1021 1742 1055 1821 ἐξ
1073 1743 1146 1808 ἐλευ-
1184 1709 1186 1818 δ

111 1871 137 1912 ιε
146 1851 277 1932 θερίας·
309 1847 469 1931 εὐήθειάν
496 1871 531 1913 τε
558 1849 685 1931 πολλὴν
713 1849 824 1914 αὐτῶν
847 1851 1102 1932 κατεγίνωσκεν,
1126 1849 1149 1912 εί
1185 1821 1187 1910 δ

146 1963 204 2037 της
234 1953 427 2040 ἐλευθερίας
459 1965 528 2032 τοῖς
556 1955 660 2035 ἀξίοις
686 1967 754 2022 τῶν
782 1958 1003 2040 θεραπόντων
1032 1957 1148 2040 μεταδι-
1186 1929 1188 2028 δ

148 2061 273 2143 δόντες,
292 2069 349 2145 τῆς
362 2066 528 2138 πολιτείας
542 2068 727 2146 φθονοῦσι·
752 2061 976 2146 συνεβούλευέ
988 2060 1019 2126 τ’
1039 2063 1151 2143 αὐτοῖς,

147 2168 178 2231 εί
199 2163 259 2251 μὲν
282 2170 452 2253 πονηροὺς
473 2171 661 2252 νομίζουσι,
689 2168 733 2253 μη
757 2179 866 2234 ποιεῖν
889 2167 1105 2255 ἐλευθέρους,
1129 2169 1152 2231 εί

112 2269 183 2340 3δδ
211 2276 389 2359 χρηστούς,
417 2276 461 2359 μὴ
484 2284 645 2361 περιορᾶν
668 2277 768 2352 όντας
790 2275 998 2361 ἀλλοτρίους·
1036 2278 1153 2340 ἀτοπόν

111 2403 181 2446 νοτε
208 2390 343 2466 πρᾶγμα
369 2391 478 2446 ποιεῖν
506 2381 628 2458 αὐτοὺς
652 2384 715 2466 ἐφη
739 2380 794 2446 καὶ
817 2378 945 2465 ἀμαθὲς
967 2383 1071 2447 άπασι
1093 2391 1154 2456 τοῖς

147 2485 254 2564 ξένοις
282 2486 515 2572 ἐπιτρέποντας
541 2496 599 2571 τῆς
625 2490 752 2565 πόλεως
775 2488 922 2573 μετέχειν
944 2486 1067 2572 καὶμὴ
1093 2489 1155 2553 δια-

146 2593 324 2676 κρίνοντας
351 2593 462 2658 αύτῶν
489 2595 547 2670 τὰς
574 2595 674 2678 τύχας
699 2591 777 2679 μηδ’
803 2599 838 2659 εί
855 2618 945 2671 τινες
967 2594 1004 2661 ἐκ
1028 2596 1157 2661 δούλων

148 2695 303 2780 ἐγένοντο
327 2697 500 2785 ἐλεύθεροι
522 2705 896 2785 πολυπραγμονοῦντας,
918 2703 998 2779 τοὺς
1017 2699 1157 2786 δὲπαρά

148 2806 244 2888 σφίσι
282 2805 541 2882 δεδουλευκότας
578 2805 733 2884 ἀναξίους
764 2807 921 2890 ἡγεῖσθαι
951 2810 1073 2893 ταύτης
1105 2817 1159 2890 της

112 2941 139 2983 25
146 2909 292 2999 χάριτος·
325 2914 489 2998 φρονήσει
510 2935 545 2977 τε
569 2910 741 2997 διαφέρειν
765 2912 939 2997 οἰομένους
961 2926 1028 2980 τῶν
1051 2916 1159 3000 ἀλλων

148 3015 228 3084 οὐδὲ
256 3020 297 3083 τδι
323 3017 360 3083 ἐν
387 3017 466 3084 ποσὶ
489 3016 544 3084 καί
568 3022 743 3086 κοινότατα
766 3021 850 3104 ὁρᾶν
874 3023 1035 3106 ἔφασκεν,
1063 3020 1083 3086 ἀ
1107 3018 1159 3085 καὶ

147 3137 216 3204 τοῖς
244 3125 467 3210 φαυλοτάτοις
489 3119 576 3189 εἶναι
598 3127 764 3211 πρόδηλα,
793 3127 843 3192 ὅτι
866 3111 936 3205 τοῖς
958 3125 1020 3213 μὲν
1044 3130 1160 3194 δεσπό-

220 3253 252 3299 10
272 3246 451 3371 ούδενὲλ>Β
490 3244 601 3302 οίιδέΑ
664 3253 698 3302 20
717 3248 806 3303 ἀπαοι
824 3246 876 3319 μὲν
894 3249 999 3305 Reiske
1060 3256 1101 3330 21Ι
1114 3247 1161 3303 καὶ

148 3319 345 3386 διακρίνοντας
424 3317 528 3408 καὶμὴ
548 3318 615 3372 δ.Β
694 3325 728 3374 23
747 3321 813 3384 τοὺς
830 3317 905 3375 δέΟ
943 3319 974 3376 δὲ
994 3321 1049 3376 del.
1067 3319 1160 3374 Kless-

148 3386 210 3454 ling
269 3393 303 3439 24
321 3387 467 3458 ἡγεῖσθαι]
486 3386 659 3458 ηγουμένονς
678 3407 700 3445 ο,
720 3390 823 3445 Reiske
883 3397 917 3446 27
936 3390 1119 3461 τυφλοτάτοις
1137 3408 1160 3443 ο.

147 3454 291 3522 Kiessling
308 3454 352 3508 Pr.
371 3456 436 3509 Βεε.
454 3476 481 3526 p.
496 3463 529 3512 13
