2384 3902
483 227 642 277 ..ς-

67 382 196 468 μεγέθει
227 407 261 450 τε
294 385 358 470 γάρ
390 388 571 472 περιβόλου
601 383 657 450 καὶ
684 387 850 468 πλήθεσιν
878 386 1075 471 οἰκητόρων,

9 493 110 555 1109έτι
141 488 178 556 δὲ
211 489 290 578 δόξῃ
318 490 374 556 καὶ
402 492 534 580 πλούτῳ
562 494 649 557 πολὺ
677 500 745 556 τῶν
772 492 874 577 ταύτῃ
902 491 1076 579 ὑπερέχειν

66 596 178 681 ἐδόκει,
197 596 253 664 καί
270 592 314 681 ἧν
333 599 443 686 ὥσπερ
460 598 593 684 ἡγεμὼν
612 606 673 664 τοῦ
691 601 824 675 ἔθνους.
862 614 1076 685 περιστρατο-
1091 599 1111 665 5

64 705 224 782 πεδεύσας
246 700 280 769 δ’
307 705 413 789 αὐτὴν
436 703 491 771 καὶ
514 703 593 771 οὐθ’
615 705 739 791 ἡμέρας
762 705 840 771 οὐτε
858 706 979 782 νυκτὸς
998 703 1076 769 άνα-

64 816 172 876 καλῶν
200 813 260 878 τὸν
287 815 445 898 στρατόν,
477 812 533 877 ἵνα
561 812 689 897 μηδένα
716 815 841 898 χρόνον
869 812 904 878 οί
924 809 1100 896 πολέμιοιε

66 918 346 983 διαναπαύσαιντο
372 912 455 1002 μήθ’
476 918 585 984 ὕπνου
608 919 803 1006 αἱρούμενοι
827 922 906 1003 μήτε
930 916 1078 1002 πολέμου

65 1029 195 1090 παῦλαν
214 1026 400 1110 δεχόμενοι,
419 1031 503 1114 λιμῷ
523 1025 578 1090 καί
597 1024 765 1114 ἀμηχανίᾳ
783 1024 840 1091 καὶ
858 1025 978 1091 σπάνει
997 1030 1114 1109 σύμ-4

64 1131 177 1216 μάχων
204 1136 405 1218 παρατείνας
433 1123 521 1198 εἷλεν
549 1131 673 1208 αὐτούς
700 1130 737 1198 έν
766 1131 806 1196 οὐ
828 1136 942 1219 πολλῷ
968 1134 1078 1218 χρόνῳ

63 1237 115 1302 καί
147 1241 228 1316 τοὺς
259 1238 296 1304 έυ
328 1239 394 1324 ἥβῃ
426 1239 551 1316 πάντας
578 1237 792 1323 κατέσφαξεν.
839 1237 1015 1324 ἐπιτρέψας
1043 1232 1080 1302 δὲ

63 1341 115 1409 καί
139 1345 204 1410 ὅσα
226 1340 269 1429 ἦν
292 1345 441 1411 ἐνταῦθα
463 1348 613 1431 χρήματα
636 1355 705 1422 τοϊς
728 1345 943 1432 στρατιώταις
964 1345 1080 1428 φέρειν
1090 1370 1117 1409 ιο

64 1473 96 1516 τε
121 1449 179 1517 καλ
207 1452 317 1535 άμειν,
348 1451 402 1516 έπὶ
428 1453 486 1528 τὰς
508 1453 610 1528 άλλας
632 1455 745 1529 πόλεις
768 1451 872 1534 ἀπῆγε
895 1452 956 1534 τὴν
980 1451 1079 1515 δύνα-

64 1582 119 1642 μιν
149 1557 293 1636 οὐθενὸς
321 1559 431 1625 οὐκέτι
458 1569 525 1624 τῶν
551 1558 776 1624 Οὐολούσκων
804 1557 944 1642 ἀμύνειν
967 1581 999 1622 τι
1023 1558 1081 1622 δυ-

63 1661 220 1749 ναμένου.

128 1769 234 1836 ΧΧΧ.
262 1767 319 1848 Ὡς
347 1767 383 1836 δέ
405 1781 476 1849 τοίς
494 1767 667 1855 Ῥωμαίοις
689 1771 953 1856 τεταπεινωμένα
976 1767 1019 1856 ἦν
1042 1772 1082 1835 τδι

64 1887 129 1942 τῶν
152 1876 377 1944 Οὐολούσκων
401 1877 586 1963 πράγματα,
611 1879 814 1964 προαγαγὼν
836 1881 916 1954 τούς
935 1877 1082 1965 ὁμήρους
1092 1903 1117 1944 ιε

64 1983 176 2049 αὐτῶν
207 1985 254 2060 είς
282 1984 344 2067 τὴν
373 1984 500 2070 ἀγοράν
523 1984 541 2051 ό
565 1984 677 2070 ἕτερος
699 1995 768 2050 τῶν
790 1984 927 2050 ὑπάτων
942 1983 1083 2061 ’Ἁππιος

63 2090 236 2166 Κλαύδιος
253 2091 378 2176 άνδρας
396 2095 618 2175 τριακοσίους,
639 2092 696 2156 ἵνα
715 2088 759 2156 δι’
783 2091 955 2175 εὐλαβείας
975 2094 1082 2175 ἔχοιεν

65 2197 99 2260 οί
119 2189 348 2281 προσθέμενοι
372 2199 469 2280 σφίσι
492 2199 619 2274 πίστεις
641 2196 809 2282 ὁμηρειῶν
827 2197 871 2280 μὴ
891 2213 1082 2280 παρασπον-

63 2302 154 2385 δεῖν,
183 2300 317 2387 μάστιξί
343 2325 379 2368 τε
409 2299 547 2389 ᾐκίσατο
575 2304 712 2369 πάντων
741 2302 898 2390 ὁρώντων
926 2299 1083 2378 καὶτοὺς

4 2406 208 2493 111οαὐχένας
239 2407 351 2475 αὐτῶν
384 2407 556 2475 ἐκέλευσεν
588 2409 764 2488 ἀποκόψαι.
810 2407 1018 2494 ἀφικομένου
1047 2433 1082 2474 τε

62 2513 128 2580 άπὸ
162 2524 221 2598 τῆς
252 2519 425 2602 στρατείας
452 2516 494 2582 οὐ
521 2521 659 2594 πολλαῖς
686 2517 829 2602 ὕστερον
855 2514 995 2604 ἡμέραις
1020 2525 1082 2580 τοῦ

63 2621 261 2687 συνυπάτου
290 2621 345 2688 καὶ
375 2624 435 2689 τὸν
463 2625 608 2689 είωθότα
636 2624 796 2689 δίδοσθαι
823 2626 995 2709 θρίαμβον
1019 2622 1082 2688 άπὸ

1097 2383 1117 2446 2

1092 2471 1118 2510 20

60 2738 121 2812 τῆς
146 2731 270 2812 βουλῆς
291 2739 362 2807 τοῖς
385 2730 498 2813 ἀγῶνα
522 2731 674 2815 λαμπρὸν
698 2729 961 2816 ἀγωνισαμένοις
986 2745 1082 2816 στρα-

60 2845 178 2920 τηγοῖς
201 2834 376 2913 ἀξιοῦντος
400 2839 525 2920 λαβεῖν,
550 2835 706 2920 ἐμποδὼν
730 2835 859 2920 ἐγένετο
879 2836 1082 2919 στασιαστὴν

62 2941 242 3007 ἀποκαλῶν
264 2939 320 3008 καὶ
342 2946 510 3020 πολιτείας
532 2951 680 3029 πονηρῶς
704 2942 857 3028 ἐραστήν,
881 2943 1024 3028 μάλιστα
1047 2937 1117 3007 δἐι

62 3047 171 3113 αὐτοῦ
198 3058 409 3135 κατηγορῶν,
438 3049 488 3113 ὅτι
517 3048 552 3114 ἐκ
574 3059 642 3115 τῶν
663 3056 725 3114 τοῦ
747 3046 899 3153 πολέμου,
919 3050 1081 3134 λαφύρων

137 3281 153 3330 2
176 3277 248 3331 πολδ
270 3275 373 3346 ταύτης
392 3276 414 3330 Ο
451 3277 522 3332 πολύ
545 3284 601 3331 τῶν
625 3277 713 3348 ταύτῃ
733 3295 755 3334 c.
776 3278 899 3334 Sintenis
919 3276 980 3334 Em.
999 3277 1080 3333 Dion}

60 3346 89 3399 11
106 3351 141 3401 28
215 3347 434 3429 θναταρφάξας
450 3348 476 3402 Α
541 3353 573 3401 12
594 3346 689 3425 οὐκέτι
708 3349 829 3414 οὐθενὸς
847 3367 869 3406 ο.
889 3349 992 3420 Pflugk
1048 3354 1082 3402 14

60 3411 235 3543 ἒέὲιήχχέλη
254 3419 459 3562 ο.2ρίισοτερὲιριρῖς
477 3424 546 3542 Β15
566 3418 699 3490 προάγων
719 3420 741 3474 O
761 3437 830 3477 corr.
850 3421 953 3476 Reiske
1013 3428 1045 3475 16
1066 3418 1081 3473 δ

866 3579 921 3635 20*
