2400 3912
134 210 198 275 132
560 210 724 260 -A-

131 374 173 440 οὐ
196 382 400 457 στρατηγῶν,
424 370 466 436 οὐ
489 380 547 454 τῆς
565 371 667 453 ἀλλης
684 377 743 452 τῆς
760 370 809 446 είς
826 369 867 433 τὰ
884 363 1026 451 πολέμια
1043 387 1145 450 παρα·

132 487 263 564 σκευῆς·
294 478 394 562 μεστὴ
417 478 482 560 γὰρ
506 476 663 542 ἁπάντων
685 475 833 559 ἡπόλις,
856 475 995 560 αἰσχρόν
1011 495 1048 537 τε
1062 470 1145 538 Οὐο-

131 585 285 652 λούσκων
303 582 358 650 καλ
372 587 533 667 Σαβίνων
551 581 608 649 καὶ
623 584 754 670 μυρίων
769 583 880 647 ἀλλων
894 582 1007 667 ἀρχειν
1022 578 1144 660 ἀξιοῦν,

132 692 254 770 αὐτοὺς
285 688 322 757 ἀὲ
352 690 575 766 δουλεύοντας
605 687 730 777 ἑτέροις
760 685 956 774 ὑπομένειν,
988 683 1045 752 καλ
1074 683 1145 770 περλ

101 797 194 883 σμὲν
225 807 284 883 τῆς
316 799 505 883 Ταρκυνίου
538 794 729 874 πλεονεξίας
760 797 905 872 πολλοὺς
937 793 1145 874 ἀναιρεῖσθαι

131 904 307 990 πολέμους,
331 901 405 989 περὶ
430 899 468 968 δὲ
489 911 549 987 τῆς
571 902 699 969 ἑαυτῶν
722 901 916 987 ἐλευθερίας
939 898 1077 985 μηθένα.

199 1009 378 1076 LXXXIII.
415 1013 511 1076 Τίσιν
544 1005 607 1076 οὖν
639 1007 806 1094 ἀφορμαῖς
834 1009 881 1084 είς
907 1008 948 1073 τὰ
975 1006 1179 1092 πρόγματαεῶ

133 1120 327 1202 χρησόμεθα
354 1115 410 1181 καλ
436 1119 549 1194 ποίαις
573 1119 788 1201 συμμαχίαις;
821 1122 921 1180 τοῦτο
944 1115 1009 1201 μὰρ
1033 1113 1146 1178 λοιπὸν

134 1209 248 1289 εἰπεῖν.Ι
284 1223 429 1309 πρώταις
451 1220 513 1308 μὲν
536 1233 609 1300 ταῖς
630 1224 720 1309 παρὰ
739 1233 809 1288 τῶν
825 1229 919 1287 θεῶν
937 1220 1081 1303 ἐλπίσιν,
1106 1214 1146 1285 ῶν

99 1350 126 1390 10
134 1329 206 1416 ίερά
235 1324 291 1392 καλ
320 1326 438 1412 τεμένη
465 1326 522 1394 καὶ
550 1330 684 1411 βωμοὺς
710 1329 835 1411 μιαίνει
867 1325 1051 1412 Ταρκύνιος
1082 1336 1146 1402 ταῖς

134 1435 354 1520 αἱμοφύρτοις
390 1432 484 1519 χερσὶ
520 1431 575 1500 καλ
612 1434 735 1511 παντὸς
771 1432 938 1518 ἐμφυλίου
972 1433 1146 1518 γεμούσαις

133 1543 236 1624 ἀγους
259 1547 391 1605 θυσιῶν
413 1538 469 1605 καὶ
493 1542 651 1607 σπονδῶν
668 1542 927 1626 καταρχόμενος·
951 1543 1063 1606 ἔπειτα
1081 1549 1145 1615 ταῖς

12 1673 38 1715 2>
135 1646 168 1726 ἐξ
191 1648 286 1731 ημῶν
310 1646 421 1714 αὐτῶν
441 1642 511 1712 οὔτ’
533 1647 657 1730 ὀλίγων
676 1648 785 1712 όντων
804 1641 875 1712 οὔτ’
892 1646 1037 1732 ἀπείρων
1056 1644 1145 1712 πολέ-
1191 1687 1192 1690 =

136 1772 215 1838 μου·
246 1752 329 1838 πρὸς
357 1748 394 1816 δέ
421 1754 553 1830 τούτοις
581 1764 653 1830 ταῖς
675 1756 764 1840 παρὰ
786 1733 1061 1837 τῶννσυμμάχων
1086 1752 1145 1818 ἐπι-

100 1879 126 1921 ιε
136 1861 297 1946 κουρίαις,
321 1861 356 1923 οἳ
399 1860 419 1942 η
444 1861 638 1926 καλούντων
657 1856 719 1945 μὲν
737 1860 832 1945 ἡμῶν
851 1856 953 1927 οὐδὲν
972 1859 1145 1939 ἀξιώσουσι

135 1970 438 2052 πολυπραγμονεῖν,
462 1966 520 2032 ἐάν
544 1965 575 2032 δ’
592 1967 710 2051 ἀρετῆς
728 1967 832 2054 ὁρῶσι
850 1964 1146 2052 μεταποιουμένους

137 2074 275 2157 ἀσμενοι
298 2081 524 2157 συναροῦνται
547 2081 608 2139 τοῦ
626 2071 788 2158 πολέμου·
810 2072 970 2157 τυραννὶς
987 2075 1052 2158 γὰρ
1071 2074 1146 2137 ἀπα·
1190 2105 1191 2128 ι

101 2179 193 2244 2σιν
225 2178 331 2264 ἐχθρὰ
358 2189 428 2256 τοϊς
454 2178 675 2264 βουλομένοις
701 2178 893 2267 ἐλευθέροις
921 2175 1016 2246 εἶναι.
1060 2181 1089 2246 εί
1114 2175 1148 2242 δέ

136 2309 224 2362 τινες
246 2285 340 2370 ὑμῶν
355 2287 441 2362 ’τοὺς
463 2283 518 2350 ἐπὶ
540 2283 768 2371 στρατοπέδου
792 2289 957 2364 συνόντας
979 2287 1046 2371 ἀμα
1068 2288 1146 2367 Ταρ

103 2396 243 2480 εοκυνίφ
267 2394 404 2468 πολίτας
423 2392 625 2476 βεθοίκασιν,
649 2393 694 2470 ῶς
713 2392 828 2480 ἐκείνω
847 2389 910 2478 μὲν
923 2409 1146 2476 συναγωνιου-

138 2497 273 2581 μένους,
296 2497 376 2583 ημῑν
400 2494 438 2564 θλ
460 2501 724 2583 πολεμήσοντας,
753 2499 815 2565 οὐκ
838 2499 951 2585 ὀρθῶς
974 2500 1145 2566 δεδοίκασι.

138 2606 255 2688 βαρεῖα
284 2605 348 2689 γὰρ
371 2604 536 2682 κάκείνοις
558 2605 579 2689 ἡ
601 2603 760 2692 τυραννὶς
782 2603 838 2671 καὶ
862 2608 1009 2691 ἔμφυτος
1031 2605 1146 2670 ἅπασιν

139 2708 333 2794 ἀνθρώποις
360 2709 378 2775 ὁ
405 2720 463 2795 τῆς
490 2710 683 2798 ἐλευθερίας
709 2709 833 2797 πόθθς,
863 2710 919 2778 καὶ
947 2721 1036 2778 πᾶσα
1057 2733 1146 2794 μετα-

139 2817 241 2898 βολῆς
258 2818 425 2904 πρόφασις
442 2828 512 2894 τοῖς
530 2812 575 2882 δι’
593 2817 742 2903 ἀνάγκην
759 2824 1029 2904 ταλαιπωροῦσιν
1043 2817 1134 2898 ἱκανή
1140 2828 1159 2876 ’8
1174 2826 1185 2874 6

103 2921 213 3006 εεούς,
246 2924 278 2987 εί
308 2929 491 3006 ψηφιεῖσθε
519 2931 558 3008 τῇ
588 2926 723 3011 πατρίδι
749 2928 908 3009 βοηθεῖν,
936 2924 977 2990 οὐ
1006 2922 1144 3008 φόβοςὸ
1188 2983 1189 2998 ,

139 3027 291 3107 καθέξων
324 3031 415 3094 ἔσται
442 3031 532 3116 παρὰ
558 3040 628 3106 τοῖς
654 3031 848 3116 τυράννοις,
882 3029 923 3097 ού
950 3030 1058 3116 χάρις,
1087 3029 1144 3112 οὐχ

218 3263 233 3310 2
253 3253 370 3328 αἰσχρόν
383 3277 414 3327 γε
430 3254 458 3312 εί
468 3258 494 3311 A
526 3254 642 3328 αἰσχρόν
655 3276 685 3312 τε
699 3256 722 3310 Β
754 3255 870 3328 αἰσχρόν
884 3277 916 3328 με
931 3259 974 3327 εἴη
989 3274 1013 3311 ο.
1027 3253 1123 3310 Reiske

144 3327 328 3381 Οὐολούσκων
347 3325 398 3397 μέν
417 3327 506 3382 Cobet
525 3328 591 3384 obs.
609 3345 637 3396 p.
652 3334 685 3383 91
755 3329 947 3396 βάξιούντων
965 3328 992 3382 A
1053 3331 1081 3382 λλ
1098 3346 1144 3378 τυ-

143 3394 284 3466 ρανν<ί>ς
303 3398 447 3464 Βλπᾶσιν
465 3396 518 3451 ΑΒ
582 3403 615 3452 19
635 3398 854 3468 στρατοπέδωΒ
913 3407 948 3456 25
967 3399 1143 3468 *ψηφίσησθε

144 3462 170 3515 Α
205 3465 366 3530 ψηφίσεσθε
384 3467 430 3520 Bb
467 3470 651 3537 ψηφίσασθαι
669 3469 715 3549 Ba
786 3476 821 3524 26
839 3477 898 3533 τοῖς
915 3470 1021 3526 add.B
