<?xml version="1.0" encoding="UTF-8"?>
<!DOCTYPE html PUBLIC "-//W3C//DTD XHTML 1.0 Transitional//EN"
    "http://www.w3.org/TR/xhtml1/DTD/xhtml1-transitional.dtd">
<html xmlns="http://www.w3.org/1999/xhtml" xml:lang="en" lang="en">
 <head>
  <title>
</title>
<meta http-equiv="Content-Type" content="text/html;charset=utf-8" />
  <meta name='ocr-system' content='tesseract 3.04.00' />
  <meta name='ocr-capabilities' content='ocr_page ocr_carea ocr_par ocr_line ocrx_word'/>
</head>
<body>
  <div class='ocr_page' id='page_1' title='image "./antiquitatumrom01jacogoog_0342.png"; bbox 0 0 2394 3912; ppageno 0'>
   <div class='ocr_carea' id='block_1_1' title="bbox 454 211 1042 283">
    <p class='ocr_par' dir='ltr' id='par_1_1' title="bbox 454 211 1042 283">
     <span class='ocr_line' id='line_1_1' title="bbox 454 211 1042 283; baseline -0.002 0"><span class='ocrx_word' id='word_1_1' title='bbox 454 211 690 265; x_wconf 67' lang='lat'><strong>-5-&#39;</strong></span> <span class='ocrx_word' id='word_1_2' title='bbox 979 217 1042 283; x_wconf 84' lang='lat'><strong><em>331</em></strong></span> 
     </span>
    </p>
   </div>
   <div class='ocr_carea' id='block_1_2' title="bbox 8 371 1083 3228">
    <p class='ocr_par' dir='ltr' id='par_1_2' title="bbox 8 371 1083 3228">
     <span class='ocr_line' id='line_1_2' title="bbox 15 371 1044 466; baseline 0.008 -29"><span class='ocrx_word' id='word_1_3' title='bbox 15 375 78 452; x_wconf 69' lang='grc' dir='ltr'><strong><em>ιεὼς</em></strong></span> <span class='ocrx_word' id='word_1_4' title='bbox 97 374 229 457; x_wconf 82' lang='grc' dir='ltr'><strong><em>αὐτούς,</em></strong></span> <span class='ocrx_word' id='word_1_5' title='bbox 254 373 339 439; x_wconf 81' lang='grc' dir='ltr'><strong><em>ἀλλὰ</em></strong></span> <span class='ocrx_word' id='word_1_6' title='bbox 361 371 417 439; x_wconf 78' lang='grc' dir='ltr'><strong><em>καὶ</em></strong></span> <span class='ocrx_word' id='word_1_7' title='bbox 439 384 507 438; x_wconf 80' lang='grc' dir='ltr'><strong><em>τῶν</em></strong></span> <span class='ocrx_word' id='word_1_8' title='bbox 530 375 653 458; x_wconf 83' lang='grc' dir='ltr'><strong><em>ἀλλων,</em></strong></span> <span class='ocrx_word' id='word_1_9' title='bbox 677 374 769 454; x_wconf 81' lang='grc' dir='ltr'><strong><em>ὅσοις</em></strong></span> <span class='ocrx_word' id='word_1_10' title='bbox 792 376 810 442; x_wconf 87' lang='grc' dir='ltr'><strong><em>ό</em></strong></span> <span class='ocrx_word' id='word_1_11' title='bbox 833 379 907 461; x_wconf 83' lang='grc' dir='ltr'><strong><em>βίος</em></strong></span> <span class='ocrx_word' id='word_1_12' title='bbox 924 373 968 463; x_wconf 80' lang='grc' dir='ltr'><strong><em>ἧν</em></strong></span> <span class='ocrx_word' id='word_1_13' title='bbox 986 381 1044 466; x_wconf 84' lang='grc' dir='ltr'><strong><em>ἀρ-</em></strong></span> 
     </span>
     <span class='ocr_line' id='line_1_3' title="bbox 38 479 1045 570; baseline 0.007 -24"><span class='ocrx_word' id='word_1_14' title='bbox 38 479 126 566; x_wconf 75' lang='grc' dir='ltr'><strong><em>γὸςῆ</em></strong></span> <span class='ocrx_word' id='word_1_15' title='bbox 149 479 308 569; x_wconf 75' lang='grc' dir='ltr'><strong><em>ῥάθυμος</em></strong></span> <span class='ocrx_word' id='word_1_16' title='bbox 330 479 351 565; x_wconf 77' lang='grc' dir='ltr'><em>ἢ</em></span> <span class='ocrx_word' id='word_1_17' title='bbox 374 489 447 558; x_wconf 85' lang='grc' dir='ltr'><strong><em>ταίς</em></strong></span> <span class='ocrx_word' id='word_1_18' title='bbox 464 479 658 565; x_wconf 72' lang='grc' dir='ltr'><strong><em>ἐπιθυμίαις</em></strong></span> <span class='ocrx_word' id='word_1_19' title='bbox 674 492 833 568; x_wconf 78' lang='grc' dir='ltr'><em>χορηγεῖν</em></span> <span class='ocrx_word' id='word_1_20' title='bbox 851 483 912 570; x_wconf 88' lang='grc' dir='ltr'><strong><em>οὐχ</em></strong></span> <span class='ocrx_word' id='word_1_21' title='bbox 932 485 1045 566; x_wconf 83' lang='grc' dir='ltr'><strong><em>ἱκανὸς</em></strong></span> 
     </span>
     <span class='ocr_line' id='line_1_4' title="bbox 37 587 1044 676; baseline 0.004 -22"><span class='ocrx_word' id='word_1_22' title='bbox 37 589 54 672; x_wconf 81' lang='grc' dir='ltr'>ἢ</span> <span class='ocrx_word' id='word_1_23' title='bbox 78 598 235 675; x_wconf 81' lang='grc' dir='ltr'><strong><em>πονηρῶν</em></strong></span> <span class='ocrx_word' id='word_1_24' title='bbox 261 587 532 672; x_wconf 76' lang='grc' dir='ltr'><strong><em>ἐπιτηδευμάτων</em></strong></span> <span class='ocrx_word' id='word_1_25' title='bbox 560 589 705 672; x_wconf 78' lang='grc' dir='ltr'><strong><em>ζηλωτὴς</em></strong></span> <span class='ocrx_word' id='word_1_26' title='bbox 731 588 752 674; x_wconf 74' lang='grc' dir='ltr'><strong>ἦ</strong></span> <span class='ocrx_word' id='word_1_27' title='bbox 778 593 950 676; x_wconf 86' lang='grc' dir='ltr'><strong><em>φθονερὸς</em></strong></span> <span class='ocrx_word' id='word_1_28' title='bbox 971 604 1044 673; x_wconf 82' lang='grc' dir='ltr'><strong><em>ταῖς</em></strong></span> 
     </span>
     <span class='ocr_line' id='line_1_5' title="bbox 37 691 1044 782; baseline 0.005 -22"><span class='ocrx_word' id='word_1_29' title='bbox 37 693 147 780; x_wconf 80' lang='grc' dir='ltr'><strong><em>ἑτέρων</em></strong></span> <span class='ocrx_word' id='word_1_30' title='bbox 172 694 341 780; x_wconf 74' lang='grc' dir='ltr'><strong><em>εὐτυχίαις</em></strong></span> <span class='ocrx_word' id='word_1_31' title='bbox 362 693 383 778; x_wconf 80' lang='grc' dir='ltr'><em>ἢ</em></span> <span class='ocrx_word' id='word_1_32' title='bbox 408 691 452 759; x_wconf 88' lang='grc' dir='ltr'><strong><em>δι’</em></strong></span> <span class='ocrx_word' id='word_1_33' title='bbox 474 695 581 778; x_wconf 83' lang='grc' dir='ltr'><strong><em>ἀλλην</em></strong></span> <span class='ocrx_word' id='word_1_34' title='bbox 602 695 678 759; x_wconf 81' lang='grc' dir='ltr'><strong><em>τινὰ</em></strong></span> <span class='ocrx_word' id='word_1_35' title='bbox 696 697 875 782; x_wconf 81' lang='grc' dir='ltr'><strong><em>συμφοράν</em></strong></span> <span class='ocrx_word' id='word_1_36' title='bbox 893 697 913 782; x_wconf 78' lang='grc' dir='ltr'><em>ἢ</em></span> <span class='ocrx_word' id='word_1_37' title='bbox 934 700 1044 766; x_wconf 79' lang='grc' dir='ltr'><strong><em>αἰτίαν</em></strong></span> 
     </span>
     <span class='ocr_line' id='line_1_6' title="bbox 37 801 1070 890; baseline -0.004 -24"><span class='ocrx_word' id='word_1_38' title='bbox 37 801 208 886; x_wconf 78' lang='grc' dir='ltr'><strong><em>ἀλλοτρίως</em></strong></span> <span class='ocrx_word' id='word_1_39' title='bbox 231 802 441 886; x_wconf 74' lang='grc' dir='ltr'><strong><em>διακείμενος</em></strong></span> <span class='ocrx_word' id='word_1_40' title='bbox 461 807 502 885; x_wconf 75' lang='grc' dir='ltr'><strong><em>τῇ</em></strong></span> <span class='ocrx_word' id='word_1_41' title='bbox 524 801 721 886; x_wconf 75' lang='grc' dir='ltr'><strong><em>καθεστώσῃ</em></strong></span> <span class='ocrx_word' id='word_1_42' title='bbox 744 805 903 890; x_wconf 78' lang='grc' dir='ltr'><strong><em>πολιτείᾳ.</em></strong></span> <span class='ocrx_word' id='word_1_43' title='bbox 1057 821 1070 862; x_wconf 82' lang='grc' dir='ltr'><strong><em>ε</em></strong></span> 
     </span>
     <span class='ocr_line' id='line_1_7' title="bbox 92 903 1043 996; baseline 0.003 -22"><span class='ocrx_word' id='word_1_44' title='bbox 92 907 294 974; x_wconf 85' lang='lat' dir='ltr'>XXXXVII.</span> <span class='ocrx_word' id='word_1_45' title='bbox 323 909 400 984; x_wconf 82' lang='grc' dir='ltr'><strong><em>Τολς</em></strong></span> <span class='ocrx_word' id='word_1_46' title='bbox 418 903 457 972; x_wconf 75' lang='grc' dir='ltr'><strong><em>δὲ</em></strong></span> <span class='ocrx_word' id='word_1_47' title='bbox 471 909 658 991; x_wconf 74' lang='grc' dir='ltr'><strong><em>πατρικίοις</em></strong></span> <span class='ocrx_word' id='word_1_48' title='bbox 671 905 708 972; x_wconf 84' lang='grc' dir='ltr'><strong><em>ἐν</em></strong></span> <span class='ocrx_word' id='word_1_49' title='bbox 722 904 784 992; x_wconf 71' lang='grc' dir='ltr'><strong><em>μὲν</em></strong></span> <span class='ocrx_word' id='word_1_50' title='bbox 797 916 843 996; x_wconf 73' lang='grc' dir='ltr'><strong><em>τῷ</em></strong></span> <span class='ocrx_word' id='word_1_51' title='bbox 858 913 1043 994; x_wconf 75' lang='grc' dir='ltr'><strong><em>παραυτίκα</em></strong></span> 
     </span>
     <span class='ocr_line' id='line_1_8' title="bbox 36 1010 1041 1101; baseline 0.005 -23"><span class='ocrx_word' id='word_1_52' title='bbox 36 1016 149 1101; x_wconf 82' lang='grc' dir='ltr'><strong><em>ταραχὴ</em></strong></span> <span class='ocrx_word' id='word_1_53' title='bbox 174 1011 311 1080; x_wconf 80' lang='grc' dir='ltr'><strong><em>ἐνέπεσε</em></strong></span> <span class='ocrx_word' id='word_1_54' title='bbox 332 1015 439 1098; x_wconf 82' lang='grc' dir='ltr'><strong><em>πολλὴ</em></strong></span> <span class='ocrx_word' id='word_1_55' title='bbox 463 1010 518 1078; x_wconf 78' lang='grc' dir='ltr'><strong><em>καὶ</em></strong></span> <span class='ocrx_word' id='word_1_56' title='bbox 541 1013 703 1098; x_wconf 78' lang='grc' dir='ltr'><strong><em>ἔκπληξις,</em></strong></span> <span class='ocrx_word' id='word_1_57' title='bbox 726 1011 782 1079; x_wconf 78' lang='grc' dir='ltr'><strong><em>καὶ</em></strong></span> <span class='ocrx_word' id='word_1_58' title='bbox 800 1015 845 1093; x_wconf 79' lang='grc' dir='ltr'><strong><em>ὡς</em></strong></span> <span class='ocrx_word' id='word_1_59' title='bbox 864 1016 981 1082; x_wconf 84' lang='grc' dir='ltr'><strong><em>αὐτίκα</em></strong></span> <span class='ocrx_word' id='word_1_60' title='bbox 1000 1018 1041 1101; x_wconf 80' lang='grc' dir='ltr'><strong><em>δὴ</em></strong></span> 
     </span>
     <span class='ocr_line' id='line_1_9' title="bbox 36 1119 1043 1208; baseline 0.003 -23"><span class='ocrx_word' id='word_1_61' title='bbox 36 1122 111 1204; x_wconf 91' lang='grc' dir='ltr'><strong><em>μάλα</em></strong></span> <span class='ocrx_word' id='word_1_62' title='bbox 138 1131 208 1187; x_wconf 79' lang='grc' dir='ltr'><strong><em>τῶν</em></strong></span> <span class='ocrx_word' id='word_1_63' title='bbox 236 1121 433 1187; x_wconf 77' lang='grc' dir='ltr'><strong><em>ἀποστατῶν</em></strong></span> <span class='ocrx_word' id='word_1_64' title='bbox 460 1121 528 1204; x_wconf 80' lang='grc' dir='ltr'><strong><em>ἅμα</em></strong></span> <span class='ocrx_word' id='word_1_65' title='bbox 554 1129 625 1197; x_wconf 83' lang='grc' dir='ltr'><strong><em>τοίς</em></strong></span> <span class='ocrx_word' id='word_1_66' title='bbox 652 1119 851 1188; x_wconf 78' lang='grc' dir='ltr'><strong><em>ἀλλοεθνέσι</em></strong></span> <span class='ocrx_word' id='word_1_67' title='bbox 872 1126 1043 1208; x_wconf 88' lang='grc' dir='ltr'><strong><em>πολεμίοις</em></strong></span> 
     </span>
     <span class='ocr_line' id='line_1_10' title="bbox 36 1224 1043 1316; baseline 0.005 -25"><span class='ocrx_word' id='word_1_68' title='bbox 36 1225 80 1292; x_wconf 78' lang='grc' dir='ltr'><strong><em>ἐπὶ</em></strong></span> <span class='ocrx_word' id='word_1_69' title='bbox 100 1229 163 1312; x_wconf 73' lang='grc' dir='ltr'><strong><em>τὴν</em></strong></span> <span class='ocrx_word' id='word_1_70' title='bbox 186 1230 287 1294; x_wconf 90' lang='grc' dir='ltr'><strong><em>πόλιν</em></strong></span> <span class='ocrx_word' id='word_1_71' title='bbox 309 1225 460 1312; x_wconf 78' lang='grc' dir='ltr'><strong><em>ἡξόντων</em></strong></span> <span class='ocrx_word' id='word_1_72' title='bbox 478 1225 563 1305; x_wconf 89' lang='grc' dir='ltr'><strong><em>δέος.</em></strong></span> <span class='ocrx_word' id='word_1_73' title='bbox 599 1224 707 1293; x_wconf 69' lang='grc' dir='ltr'><strong><em>ἔπειθ’</em></strong></span> <span class='ocrx_word' id='word_1_74' title='bbox 729 1227 775 1304; x_wconf 88' lang='grc' dir='ltr'><strong><em>όις</em></strong></span> <span class='ocrx_word' id='word_1_75' title='bbox 792 1226 826 1307; x_wconf 88' lang='grc' dir='ltr'><strong><em>έξ</em></strong></span> <span class='ocrx_word' id='word_1_76' title='bbox 845 1225 920 1306; x_wconf 80' lang='grc' dir='ltr'><strong><em>ἑνὸς</em></strong></span> <span class='ocrx_word' id='word_1_77' title='bbox 937 1251 1043 1316; x_wconf 91' lang='grc' dir='ltr'><strong><em>παρα-</em></strong></span> 
     </span>
     <span class='ocr_line' id='line_1_11' title="bbox 35 1333 1083 1421; baseline -0.003 -23"><span class='ocrx_word' id='word_1_78' title='bbox 35 1335 246 1420; x_wconf 85' lang='grc' dir='ltr'><strong><em>κελεύσματος</em></strong></span> <span class='ocrx_word' id='word_1_79' title='bbox 282 1334 491 1421; x_wconf 84' lang='grc' dir='ltr'><strong><em>άρπάσαντες</em></strong></span> <span class='ocrx_word' id='word_1_80' title='bbox 521 1334 562 1398; x_wconf 82' lang='grc' dir='ltr'><strong><em>τὰ</em></strong></span> <span class='ocrx_word' id='word_1_81' title='bbox 593 1333 679 1399; x_wconf 78' lang='grc' dir='ltr'><strong><em>ὅπλα</em></strong></span> <span class='ocrx_word' id='word_1_82' title='bbox 711 1336 775 1400; x_wconf 82' lang='grc' dir='ltr'><strong><em>σὺν</em></strong></span> <span class='ocrx_word' id='word_1_83' title='bbox 806 1344 876 1412; x_wconf 86' lang='grc' dir='ltr'><strong><em>τοῖς</em></strong></span> <span class='ocrx_word' id='word_1_84' title='bbox 908 1337 1043 1415; x_wconf 88' lang='grc' dir='ltr'><strong><em>οίκείοις</em></strong></span> <span class='ocrx_word' id='word_1_85' title='bbox 1057 1355 1083 1396; x_wconf 81' lang='grc' dir='ltr'><strong><em>ιο</em></strong></span> 
     </span>
     <span class='ocr_line' id='line_1_12' title="bbox 35 1437 1042 1526; baseline 0.005 -23"><span class='ocrx_word' id='word_1_86' title='bbox 35 1438 157 1506; x_wconf 82' lang='grc' dir='ltr'><strong><em>ἕκαστοι</em></strong></span> <span class='ocrx_word' id='word_1_87' title='bbox 179 1443 348 1524; x_wconf 88' lang='grc' dir='ltr'><strong><em>πελάταις,</em></strong></span> <span class='ocrx_word' id='word_1_88' title='bbox 372 1440 408 1506; x_wconf 83' lang='grc' dir='ltr'><strong><em>οἱ</em></strong></span> <span class='ocrx_word' id='word_1_89' title='bbox 427 1437 489 1526; x_wconf 70' lang='grc' dir='ltr'><strong><em>μὲν</em></strong></span> <span class='ocrx_word' id='word_1_90' title='bbox 512 1437 565 1506; x_wconf 79' lang='grc' dir='ltr'><strong><em>ἐπὶ</em></strong></span> <span class='ocrx_word' id='word_1_91' title='bbox 587 1440 646 1516; x_wconf 82' lang='grc' dir='ltr'><strong><em>τὰς</em></strong></span> <span class='ocrx_word' id='word_1_92' title='bbox 669 1439 770 1517; x_wconf 86' lang='grc' dir='ltr'><strong><em>ὁδοὺς</em></strong></span> <span class='ocrx_word' id='word_1_93' title='bbox 793 1439 832 1517; x_wconf 79' lang='grc' dir='ltr'><strong><em>ἃς</em></strong></span> <span class='ocrx_word' id='word_1_94' title='bbox 854 1439 945 1524; x_wconf 74' lang='grc' dir='ltr'><strong><em>ἥξειν</em></strong></span> <span class='ocrx_word' id='word_1_95' title='bbox 969 1441 1042 1508; x_wconf 88' lang='grc' dir='ltr'><strong><em>ἐνό-</em></strong></span> 
     </span>
     <span class='ocr_line' id='line_1_13' title="bbox 35 1538 1042 1632; baseline 0.003 -22"><span class='ocrx_word' id='word_1_96' title='bbox 35 1549 118 1628; x_wconf 80' lang='grc' dir='ltr'><strong><em>μιζον</em></strong></span> <span class='ocrx_word' id='word_1_97' title='bbox 136 1549 218 1624; x_wconf 84' lang='grc' dir='ltr'><strong><em>τοὺς</em></strong></span> <span class='ocrx_word' id='word_1_98' title='bbox 236 1547 416 1631; x_wconf 88' lang='grc' dir='ltr'><strong><em>πολεμίους</em></strong></span> <span class='ocrx_word' id='word_1_99' title='bbox 433 1546 683 1631; x_wconf 78' lang='grc' dir='ltr'><strong><em>παρεβοήθουν,</em></strong></span> <span class='ocrx_word' id='word_1_100' title='bbox 703 1544 739 1610; x_wconf 83' lang='grc' dir='ltr'><strong><em>ολ</em></strong></span> <span class='ocrx_word' id='word_1_101' title='bbox 755 1538 787 1610; x_wconf 89' lang='grc' dir='ltr'><strong><em>δ’</em></strong></span> <span class='ocrx_word' id='word_1_102' title='bbox 806 1544 860 1612; x_wconf 78' lang='grc' dir='ltr'><strong><em>ἐπὶ</em></strong></span> <span class='ocrx_word' id='word_1_103' title='bbox 877 1547 918 1611; x_wconf 82' lang='grc' dir='ltr'><strong><em>τὰ</em></strong></span> <span class='ocrx_word' id='word_1_104' title='bbox 936 1549 1042 1632; x_wconf 87' lang='grc' dir='ltr'><strong><em>φρού-</em></strong></span> 
     </span>
     <span class='ocr_line' id='line_1_14' title="bbox 35 1648 1041 1739; baseline 0.002 -21"><span class='ocrx_word' id='word_1_105' title='bbox 35 1676 81 1736; x_wconf 90' lang='grc' dir='ltr'><strong><em>ρια</em></strong></span> <span class='ocrx_word' id='word_1_106' title='bbox 107 1658 262 1739; x_wconf 74' lang='grc' dir='ltr'><strong><em>φυλακῆς</em></strong></span> <span class='ocrx_word' id='word_1_107' title='bbox 288 1651 386 1719; x_wconf 78' lang='grc' dir='ltr'><strong><em>ἕνεκα</em></strong></span> <span class='ocrx_word' id='word_1_108' title='bbox 412 1663 481 1717; x_wconf 83' lang='grc' dir='ltr'><strong><em>τῶν</em></strong></span> <span class='ocrx_word' id='word_1_109' title='bbox 508 1650 682 1736; x_wconf 77' lang='grc' dir='ltr'><strong><em>ἐρυμάτων</em></strong></span> <span class='ocrx_word' id='word_1_110' title='bbox 710 1648 862 1737; x_wconf 78' lang='grc' dir='ltr'><strong><em>ἐξῄεσαν,</em></strong></span> <span class='ocrx_word' id='word_1_111' title='bbox 891 1653 926 1718; x_wconf 87' lang='grc' dir='ltr'><strong><em>οί</em></strong></span> <span class='ocrx_word' id='word_1_112' title='bbox 947 1648 978 1718; x_wconf 88' lang='grc' dir='ltr'><strong><em>δ’</em></strong></span> <span class='ocrx_word' id='word_1_113' title='bbox 1004 1654 1041 1720; x_wconf 85' lang='grc' dir='ltr'><strong><em>ἐν</em></strong></span> 
     </span>
     <span class='ocr_line' id='line_1_15' title="bbox 33 1757 1041 1847; baseline 0.002 -23"><span class='ocrx_word' id='word_1_114' title='bbox 33 1770 93 1838; x_wconf 74' lang='grc' dir='ltr'><strong><em>τοῖς</em></strong></span> <span class='ocrx_word' id='word_1_115' title='bbox 106 1758 339 1847; x_wconf 80' lang='grc' dir='ltr'><strong><em>προκειμένοις</em></strong></span> <span class='ocrx_word' id='word_1_116' title='bbox 352 1768 410 1843; x_wconf 80' lang='grc' dir='ltr'><strong><em>τῆς</em></strong></span> <span class='ocrx_word' id='word_1_117' title='bbox 423 1761 551 1836; x_wconf 90' lang='grc' dir='ltr'><strong><em>πόλεως</em></strong></span> <span class='ocrx_word' id='word_1_118' title='bbox 564 1759 693 1836; x_wconf 79' lang='grc' dir='ltr'><strong><em>πεδίοις</em></strong></span> <span class='ocrx_word' id='word_1_119' title='bbox 706 1757 1041 1844; x_wconf 86' lang='grc' dir='ltr'><strong><em>ἐστρατοπεδεύοντο·</em></strong></span> 
     </span>
     <span class='ocr_line' id='line_1_16' title="bbox 34 1861 1081 1953; baseline -0.001 -24"><span class='ocrx_word' id='word_1_120' title='bbox 34 1866 99 1933; x_wconf 83' lang='grc' dir='ltr'><strong><em>ὅσοι</em></strong></span> <span class='ocrx_word' id='word_1_121' title='bbox 122 1865 160 1933; x_wconf 75' lang='grc' dir='ltr'><strong><em>δὲ</em></strong></span> <span class='ocrx_word' id='word_1_122' title='bbox 183 1870 241 1934; x_wconf 87' lang='grc' dir='ltr'><strong><em>διά</em></strong></span> <span class='ocrx_word' id='word_1_123' title='bbox 263 1876 368 1953; x_wconf 76' lang='grc' dir='ltr'><strong><em>γῆρας</em></strong></span> <span class='ocrx_word' id='word_1_124' title='bbox 390 1865 552 1930; x_wconf 89' lang='grc' dir='ltr'><strong><em>ἀδύνατοι</em></strong></span> <span class='ocrx_word' id='word_1_125' title='bbox 574 1865 703 1930; x_wconf 89' lang='grc' dir='ltr'><strong><em>τούτων</em></strong></span> <span class='ocrx_word' id='word_1_126' title='bbox 726 1889 758 1930; x_wconf 90' lang='grc' dir='ltr'><strong><em>τι</em></strong></span> <span class='ocrx_word' id='word_1_127' title='bbox 780 1867 864 1952; x_wconf 83' lang='grc' dir='ltr'><strong><em>δρᾶν</em></strong></span> <span class='ocrx_word' id='word_1_128' title='bbox 882 1861 969 1949; x_wconf 75' lang='grc' dir='ltr'><strong><em>ἦσαν</em></strong></span> <span class='ocrx_word' id='word_1_129' title='bbox 987 1867 1041 1934; x_wconf 78' lang='grc' dir='ltr'><strong><em>ἐπὶ</em></strong></span> <span class='ocrx_word' id='word_1_130' title='bbox 1056 1885 1081 1928; x_wconf 81' lang='grc' dir='ltr'><strong><em>ιι</em></strong></span> 
     </span>
     <span class='ocr_line' id='line_1_17' title="bbox 33 1967 1076 2060; baseline 0.004 -23"><span class='ocrx_word' id='word_1_131' title='bbox 33 1984 94 2052; x_wconf 78' lang='grc' dir='ltr'><strong><em>τοῖς</em></strong></span> <span class='ocrx_word' id='word_1_132' title='bbox 115 1977 259 2060; x_wconf 81' lang='grc' dir='ltr'><strong><em>τείχεσιν</em></strong></span> <span class='ocrx_word' id='word_1_133' title='bbox 282 1972 447 2051; x_wconf 79' lang='grc' dir='ltr'><strong><em>ἐτάξαντο.</em></strong></span> <span class='ocrx_word' id='word_1_134' title='bbox 489 1969 560 2037; x_wconf 79' lang='grc' dir='ltr'><strong><em>ἐπεὶ</em></strong></span> <span class='ocrx_word' id='word_1_135' title='bbox 583 1967 621 2036; x_wconf 72' lang='grc' dir='ltr'><strong><em>δὲ</em></strong></span> <span class='ocrx_word' id='word_1_136' title='bbox 642 1974 722 2049; x_wconf 82' lang='grc' dir='ltr'><strong><em>τοὺς</em></strong></span> <span class='ocrx_word' id='word_1_137' title='bbox 745 1971 931 2051; x_wconf 75' lang='grc' dir='ltr'><strong><em>ἀποστάτας</em></strong></span> <span class='ocrx_word' id='word_1_138' title='bbox 948 1973 1076 2040; x_wconf 62' lang='lat' dir='ltr'><strong><em>nond-2</em></strong></span> 
     </span>
     <span class='ocr_line' id='line_1_18' title="bbox 8 2075 1041 2164; baseline 0.003 -20"><span class='ocrx_word' id='word_1_139' title='bbox 8 2085 138 2163; x_wconf 69' lang='grc' dir='ltr'><strong><em>ίθμαθον</em></strong></span> <span class='ocrx_word' id='word_1_140' title='bbox 168 2079 247 2146; x_wconf 82' lang='grc' dir='ltr'><strong><em>ούτε</em></strong></span> <span class='ocrx_word' id='word_1_141' title='bbox 273 2088 344 2156; x_wconf 82' lang='grc' dir='ltr'><strong><em>τοϊς</em></strong></span> <span class='ocrx_word' id='word_1_142' title='bbox 370 2079 541 2162; x_wconf 88' lang='grc' dir='ltr'><strong><em>πολεμίοις</em></strong></span> <span class='ocrx_word' id='word_1_143' title='bbox 567 2075 853 2163; x_wconf 79' lang='grc' dir='ltr'><strong><em>προστιθεμένους</em></strong></span> <span class='ocrx_word' id='word_1_144' title='bbox 881 2080 957 2146; x_wconf 83' lang='grc' dir='ltr'><strong><em>ούτε</em></strong></span> <span class='ocrx_word' id='word_1_145' title='bbox 979 2083 1041 2164; x_wconf 84' lang='grc' dir='ltr'><strong><em>τὴν</em></strong></span> 
     </span>
     <span class='ocr_line' id='line_1_19' title="bbox 34 2180 1041 2272; baseline 0.002 -22"><span class='ocrx_word' id='word_1_146' title='bbox 34 2187 136 2272; x_wconf 81' lang='grc' dir='ltr'><strong><em>χώραν</em></strong></span> <span class='ocrx_word' id='word_1_147' title='bbox 161 2189 329 2272; x_wconf 72' lang='grc' dir='ltr'><strong><em>δῃοῦντας</em></strong></span> <span class='ocrx_word' id='word_1_148' title='bbox 352 2185 428 2250; x_wconf 87' lang='grc' dir='ltr'><strong><em>ούτε</em></strong></span> <span class='ocrx_word' id='word_1_149' title='bbox 452 2185 533 2249; x_wconf 86' lang='grc' dir='ltr'><strong><em>άλλο</em></strong></span> <span class='ocrx_word' id='word_1_150' title='bbox 553 2183 759 2266; x_wconf 86' lang='grc' dir='ltr'><strong><em>βλάπτοντας</em></strong></span> <span class='ocrx_word' id='word_1_151' title='bbox 778 2180 880 2250; x_wconf 71' lang='grc' dir='ltr'><strong><em>οὐδὲν</em></strong></span> <span class='ocrx_word' id='word_1_152' title='bbox 899 2185 917 2250; x_wconf 84' lang='grc' dir='ltr'>ὅ</span> <span class='ocrx_word' id='word_1_153' title='bbox 935 2210 967 2250; x_wconf 91' lang='grc' dir='ltr'><strong><em>τι</em></strong></span> <span class='ocrx_word' id='word_1_154' title='bbox 985 2185 1041 2252; x_wconf 78' lang='grc' dir='ltr'><strong><em>καὶ</em></strong></span> 
     </span>
     <span class='ocr_line' id='line_1_20' title="bbox 34 2289 1041 2378; baseline 0.001 -21"><span class='ocrx_word' id='word_1_155' title='bbox 34 2296 128 2378; x_wconf 82' lang='grc' dir='ltr'><strong><em>λόγου</em></strong></span> <span class='ocrx_word' id='word_1_156' title='bbox 155 2291 266 2375; x_wconf 82' lang='grc' dir='ltr'><strong><em>ἀξιον,</em></strong></span> <span class='ocrx_word' id='word_1_157' title='bbox 294 2300 355 2358; x_wconf 86' lang='grc' dir='ltr'><strong><em>τοῦ</em></strong></span> <span class='ocrx_word' id='word_1_158' title='bbox 385 2289 483 2368; x_wconf 90' lang='grc' dir='ltr'><strong><em>δέους</em></strong></span> <span class='ocrx_word' id='word_1_159' title='bbox 510 2289 711 2356; x_wconf 86' lang='grc' dir='ltr'><strong><em>ἐπαύσαντο·</em></strong></span> <span class='ocrx_word' id='word_1_160' title='bbox 742 2289 798 2356; x_wconf 82' lang='grc' dir='ltr'><strong><em>καλ</em></strong></span> <span class='ocrx_word' id='word_1_161' title='bbox 821 2290 1041 2377; x_wconf 80' lang='grc' dir='ltr'><strong><em>μεταθέμενοι</em></strong></span> 
     </span>
     <span class='ocr_line' id='line_1_21' title="bbox 34 2389 1082 2486; baseline -0.006 -22"><span class='ocrx_word' id='word_1_162' title='bbox 34 2403 86 2479; x_wconf 86' lang='grc' dir='ltr'><strong><em>τάς</em></strong></span> <span class='ocrx_word' id='word_1_163' title='bbox 114 2401 264 2486; x_wconf 80' lang='grc' dir='ltr'><strong><em>γνώμας,</em></strong></span> <span class='ocrx_word' id='word_1_164' title='bbox 297 2395 351 2483; x_wconf 85' lang='grc' dir='ltr'><strong><em>ἐφ’</em></strong></span> <span class='ocrx_word' id='word_1_165' title='bbox 384 2389 472 2463; x_wconf 90' lang='grc' dir='ltr'><strong><em>οίστε</em></strong></span> <span class='ocrx_word' id='word_1_166' title='bbox 501 2398 780 2481; x_wconf 73' lang='grc' dir='ltr'><strong><em>διαλλαγήσονται</em></strong></span> <span class='ocrx_word' id='word_1_167' title='bbox 801 2399 885 2483; x_wconf 90' lang='grc' dir='ltr'><strong><em>πρὸς</em></strong></span> <span class='ocrx_word' id='word_1_168' title='bbox 907 2399 1041 2484; x_wconf 83' lang='grc' dir='ltr'><strong><em>αὐτούς,</em></strong></span> <span class='ocrx_word' id='word_1_169' title='bbox 1056 2419 1082 2458; x_wconf 80' lang='grc' dir='ltr'><strong><em>ιο</em></strong></span> 
     </span>
     <span class='ocr_line' id='line_1_22' title="bbox 34 2501 1042 2588; baseline -0.001 -17"><span class='ocrx_word' id='word_1_170' title='bbox 34 2505 204 2574; x_wconf 84' lang='grc' dir='ltr'><strong><em>ἐσκόπουν·</em></strong></span> <span class='ocrx_word' id='word_1_171' title='bbox 245 2502 302 2570; x_wconf 80' lang='grc' dir='ltr'><strong><em>καὶ</em></strong></span> <span class='ocrx_word' id='word_1_172' title='bbox 334 2501 521 2588; x_wconf 77' lang='grc' dir='ltr'><strong><em>ἐλέχθησαν</em></strong></span> <span class='ocrx_word' id='word_1_173' title='bbox 553 2503 618 2568; x_wconf 84' lang='grc' dir='ltr'><strong><em>ὑπὸ</em></strong></span> <span class='ocrx_word' id='word_1_174' title='bbox 651 2513 719 2568; x_wconf 85' lang='grc' dir='ltr'><strong><em>τῶν</em></strong></span> <span class='ocrx_word' id='word_1_175' title='bbox 751 2502 949 2588; x_wconf 78' lang='grc' dir='ltr'><strong><em>ἡγουμένων</em></strong></span> <span class='ocrx_word' id='word_1_176' title='bbox 980 2513 1042 2571; x_wconf 89' lang='grc' dir='ltr'><strong><em>τοῦ</em></strong></span> 
     </span>
     <span class='ocr_line' id='line_1_23' title="bbox 35 2607 1043 2699; baseline 0 -21"><span class='ocrx_word' id='word_1_177' title='bbox 35 2615 208 2699; x_wconf 89' lang='grc' dir='ltr'><strong><em>συνεδρίου</em></strong></span> <span class='ocrx_word' id='word_1_178' title='bbox 240 2615 336 2696; x_wconf 91' lang='grc' dir='ltr'><strong><em>λόγοι</em></strong></span> <span class='ocrx_word' id='word_1_179' title='bbox 367 2607 576 2676; x_wconf 79' lang='grc' dir='ltr'><strong><em>παντοδαποὶ</em></strong></span> <span class='ocrx_word' id='word_1_180' title='bbox 612 2608 668 2674; x_wconf 84' lang='grc' dir='ltr'><strong><em>καὶ</em></strong></span> <span class='ocrx_word' id='word_1_181' title='bbox 699 2614 856 2675; x_wconf 79' lang='grc' dir='ltr'><strong><em>πλεῖστον</em></strong></span> <span class='ocrx_word' id='word_1_182' title='bbox 888 2611 1043 2696; x_wconf 81' lang='grc' dir='ltr'><strong><em>ἀλλήλων</em></strong></span> 
     </span>
     <span class='ocr_line' id='line_1_24' title="bbox 35 2712 1043 2805; baseline 0.002 -23"><span class='ocrx_word' id='word_1_183' title='bbox 35 2719 200 2805; x_wconf 85' lang='grc' dir='ltr'><strong><em>διάφοροι,</em></strong></span> <span class='ocrx_word' id='word_1_184' title='bbox 233 2717 449 2803; x_wconf 81' lang='grc' dir='ltr'><strong><em>μετριώτατοι</em></strong></span> <span class='ocrx_word' id='word_1_185' title='bbox 480 2713 562 2799; x_wconf 73' lang='grc' dir='ltr'><strong><em>&lt;δὲ&gt;</em></strong></span> <span class='ocrx_word' id='word_1_186' title='bbox 594 2712 650 2780; x_wconf 81' lang='grc' dir='ltr'><strong><em>καί</em></strong></span> <span class='ocrx_word' id='word_1_187' title='bbox 676 2715 945 2800; x_wconf 85' lang='grc' dir='ltr'><strong><em>πρεπωδέστατοι</em></strong></span> <span class='ocrx_word' id='word_1_188' title='bbox 971 2730 1043 2798; x_wconf 86' lang='grc' dir='ltr'><strong><em>ταῖς</em></strong></span> 
     </span>
     <span class='ocr_line' id='line_1_25' title="bbox 35 2821 1043 2911; baseline 0.004 -22"><span class='ocrx_word' id='word_1_189' title='bbox 35 2829 211 2911; x_wconf 80' lang='grc' dir='ltr'><strong><em>παρούσαις</em></strong></span> <span class='ocrx_word' id='word_1_190' title='bbox 236 2825 368 2909; x_wconf 88' lang='grc' dir='ltr'><strong><em>τύχαις,</em></strong></span> <span class='ocrx_word' id='word_1_191' title='bbox 397 2821 457 2899; x_wconf 76' lang='grc' dir='ltr'><strong><em>οὓς</em></strong></span> <span class='ocrx_word' id='word_1_192' title='bbox 485 2821 520 2886; x_wconf 80' lang='grc' dir='ltr'><strong><em>ολ</em></strong></span> <span class='ocrx_word' id='word_1_193' title='bbox 544 2822 765 2906; x_wconf 77' lang='grc' dir='ltr'><strong><em>πρεσβύτατοι</em></strong></span> <span class='ocrx_word' id='word_1_194' title='bbox 794 2823 905 2889; x_wconf 79' lang='grc' dir='ltr'><strong><em>αὐτῶν</em></strong></span> <span class='ocrx_word' id='word_1_195' title='bbox 929 2823 1043 2905; x_wconf 81' lang='grc' dir='ltr'><strong><em>ἔλεξαν</em></strong></span> 
     </span>
     <span class='ocr_line' id='line_1_26' title="bbox 36 2927 1083 3014; baseline -0.005 -20"><span class='ocrx_word' id='word_1_196' title='bbox 36 2932 251 3014; x_wconf 86' lang='grc' dir='ltr'><strong><em>διδάσκοντες,</em></strong></span> <span class='ocrx_word' id='word_1_197' title='bbox 271 2930 316 3006; x_wconf 80' lang='grc' dir='ltr'><strong><em>ὡς</em></strong></span> <span class='ocrx_word' id='word_1_198' title='bbox 334 2927 461 3013; x_wconf 84' lang='grc' dir='ltr'><strong><em>ούδεμᾷ</em></strong></span> <span class='ocrx_word' id='word_1_199' title='bbox 478 2929 577 3014; x_wconf 83' lang='grc' dir='ltr'><strong><em>κακίᾳ</em></strong></span> <span class='ocrx_word' id='word_1_200' title='bbox 594 2930 768 3010; x_wconf 83' lang='grc' dir='ltr'><strong><em>πεποίηται</em></strong></span> <span class='ocrx_word' id='word_1_201' title='bbox 783 2929 846 3012; x_wconf 79' lang='grc' dir='ltr'><strong><em>τὴν</em></strong></span> <span class='ocrx_word' id='word_1_202' title='bbox 860 2929 1044 2997; x_wconf 85' lang='grc' dir='ltr'><strong><em>ἀπόστασιν</em></strong></span> <span class='ocrx_word' id='word_1_203' title='bbox 1057 2949 1083 2990; x_wconf 80' lang='grc' dir='ltr'><strong><em>ιι</em></strong></span> 
     </span>
     <span class='ocr_line' id='line_1_27' title="bbox 36 3029 1043 3119; baseline 0.003 -19"><span class='ocrx_word' id='word_1_204' title='bbox 36 3034 84 3100; x_wconf 87' lang='grc' dir='ltr'><strong><em>ἀπ’</em></strong></span> <span class='ocrx_word' id='word_1_205' title='bbox 105 3039 216 3103; x_wconf 81' lang='grc' dir='ltr'><strong><em>αὐτῶν</em></strong></span> <span class='ocrx_word' id='word_1_206' title='bbox 240 3036 258 3102; x_wconf 87' lang='grc' dir='ltr'>ὁ</span> <span class='ocrx_word' id='word_1_207' title='bbox 283 3037 397 3119; x_wconf 81' lang='grc' dir='ltr'><strong><em>δῆμος,</em></strong></span> <span class='ocrx_word' id='word_1_208' title='bbox 421 3032 504 3099; x_wconf 86' lang='grc' dir='ltr'><strong><em>ἀλλά</em></strong></span> <span class='ocrx_word' id='word_1_209' title='bbox 527 3034 567 3098; x_wconf 83' lang='grc' dir='ltr'><strong><em>τά</em></strong></span> <span class='ocrx_word' id='word_1_210' title='bbox 590 3029 652 3117; x_wconf 76' lang='grc' dir='ltr'><strong><em>μὲν</em></strong></span> <span class='ocrx_word' id='word_1_211' title='bbox 674 3032 739 3098; x_wconf 81' lang='grc' dir='ltr'><strong><em>ὑπὸ</em></strong></span> <span class='ocrx_word' id='word_1_212' title='bbox 762 3045 831 3098; x_wconf 80' lang='grc' dir='ltr'><strong><em>τῶν</em></strong></span> <span class='ocrx_word' id='word_1_213' title='bbox 851 3033 1043 3119; x_wconf 81' lang='grc' dir='ltr'><strong><em>ἀναγκαίων</em></strong></span> 
     </span>
     <span class='ocr_line' id='line_1_28' title="bbox 36 3135 1043 3228; baseline 0.001 -22"><span class='ocrx_word' id='word_1_214' title='bbox 36 3153 211 3228; x_wconf 81' lang='grc' dir='ltr'><strong><em>συμφορῶν</em></strong></span> <span class='ocrx_word' id='word_1_215' title='bbox 240 3143 408 3225; x_wconf 86' lang='grc' dir='ltr'><strong><em>βιασθείς,</em></strong></span> <span class='ocrx_word' id='word_1_216' title='bbox 436 3141 477 3204; x_wconf 85' lang='grc' dir='ltr'><strong><em>τά</em></strong></span> <span class='ocrx_word' id='word_1_217' title='bbox 505 3135 535 3204; x_wconf 89' lang='grc' dir='ltr'><strong><em>δ’</em></strong></span> <span class='ocrx_word' id='word_1_218' title='bbox 562 3138 628 3204; x_wconf 85' lang='grc' dir='ltr'><strong><em>ὑπὸ</em></strong></span> <span class='ocrx_word' id='word_1_219' title='bbox 656 3149 723 3204; x_wconf 84' lang='grc' dir='ltr'><strong><em>τῶν</em></strong></span> <span class='ocrx_word' id='word_1_220' title='bbox 747 3141 949 3224; x_wconf 83' lang='grc' dir='ltr'><strong><em>συμβούλων</em></strong></span> <span class='ocrx_word' id='word_1_221' title='bbox 972 3142 1043 3228; x_wconf 81' lang='grc' dir='ltr'><strong><em>ἐξη-</em></strong></span> 
     </span>
    </p>
   </div>
   <div class='ocr_carea' id='block_1_3' title="bbox 39 3331 1043 3548">
    <p class='ocr_par' dir='ltr' id='par_1_3' title="bbox 39 3331 1043 3548">
     <span class='ocr_line' id='line_1_29' title="bbox 99 3331 1041 3407; baseline -0.001 -15"><span class='ocrx_word' id='word_1_222' title='bbox 99 3343 114 3392; x_wconf 81' lang='grc'><strong>9</strong></span> <span class='ocrx_word' id='word_1_223' title='bbox 131 3332 439 3407; x_wconf 84' lang='grc' dir='ltr'><strong><em>παρακελεύσματαςΟ</em></strong></span> <span class='ocrx_word' id='word_1_224' title='bbox 458 3331 493 3386; x_wconf 83' lang='lat' dir='ltr'><strong><em>cf.</em></strong></span> <span class='ocrx_word' id='word_1_225' title='bbox 508 3331 663 3386; x_wconf 78' lang='lat' dir='ltr'><strong>Ambrosch</strong></span> <span class='ocrx_word' id='word_1_226' title='bbox 682 3331 720 3385; x_wconf 77' lang='lat' dir='ltr'><strong><em>ad</em></strong></span> <span class='ocrx_word' id='word_1_227' title='bbox 733 3331 751 3385; x_wconf 89' lang='lat' dir='ltr'><strong><em>l.</em></strong></span> <span class='ocrx_word' id='word_1_228' title='bbox 766 3331 792 3386; x_wconf 92' lang='grc' dir='ltr'>Π</span> <span class='ocrx_word' id='word_1_229' title='bbox 807 3338 871 3388; x_wconf 84' lang='grc'><strong><em>144</em></strong></span> <span class='ocrx_word' id='word_1_230' title='bbox 915 3341 946 3389; x_wconf 89' lang='grc'><strong><em>11</em></strong></span> <span class='ocrx_word' id='word_1_231' title='bbox 967 3335 1041 3391; x_wconf 88' lang='grc' dir='ltr'><strong><em>καθ’</em></strong></span> 
     </span>
     <span class='ocr_line' id='line_1_30' title="bbox 39 3401 1043 3474; baseline 0.009 -19"><span class='ocrx_word' id='word_1_232' title='bbox 39 3402 66 3467; x_wconf 76' lang='grc' dir='ltr'><strong><em>ἃς</em></strong></span> <span class='ocrx_word' id='word_1_233' title='bbox 81 3422 102 3462; x_wconf 87' lang='grc' dir='ltr'><strong><em>ο.</em></strong></span> <span class='ocrx_word' id='word_1_234' title='bbox 120 3407 222 3463; x_wconf 76' lang='lat' dir='ltr'><strong>Portus</strong></span> <span class='ocrx_word' id='word_1_235' title='bbox 303 3410 338 3462; x_wconf 76' lang='lat'><strong><em>20</em></strong></span> <span class='ocrx_word' id='word_1_236' title='bbox 358 3401 405 3474; x_wconf 75' lang='grc' dir='ltr'><strong><em>ἐφ’</em></strong></span> <span class='ocrx_word' id='word_1_237' title='bbox 423 3401 519 3466; x_wconf 65' lang='lat' dir='ltr'><strong><em>oleum</em></strong></span> <span class='ocrx_word' id='word_1_238' title='bbox 543 3419 565 3456; x_wconf 88' lang='lat' dir='ltr'><strong><em>c.</em></strong></span> <span class='ocrx_word' id='word_1_239' title='bbox 585 3401 675 3457; x_wconf 69' lang='lat' dir='ltr'>Cobet</span> <span class='ocrx_word' id='word_1_240' title='bbox 694 3402 759 3458; x_wconf 81' lang='lat' dir='ltr'>Obs.</span> <span class='ocrx_word' id='word_1_241' title='bbox 778 3421 805 3472; x_wconf 90' lang='lat' dir='ltr'><strong><em>p.</em></strong></span> <span class='ocrx_word' id='word_1_242' title='bbox 823 3409 873 3458; x_wconf 80' lang='lat'><strong><em>121</em></strong></span> <span class='ocrx_word' id='word_1_243' title='bbox 957 3412 990 3463; x_wconf 83' lang='lat'><strong><em>23</em></strong></span> <span class='ocrx_word' id='word_1_244' title='bbox 1011 3406 1043 3464; x_wconf 74' lang='grc' dir='ltr'><strong><em>δὲ</em></strong></span> 
     </span>
     <span class='ocr_line' id='line_1_31' title="bbox 39 3476 235 3548; baseline 0.015 -19"><span class='ocrx_word' id='word_1_245' title='bbox 39 3476 93 3534; x_wconf 74' lang='grc' dir='ltr'><strong><em>αδδ</em></strong></span> <span class='ocrx_word' id='word_1_246' title='bbox 112 3479 235 3548; x_wconf 82' lang='lat' dir='ltr'>Sylburg</span> 
     </span>
    </p>
   </div>
   <div class='ocr_carea' id='block_1_4' title="bbox 0 0 1202 3912">
    <p class='ocr_par' dir='ltr' id='par_1_4' title="bbox 0 0 1202 3912">
     <span class='ocr_line' id='line_1_32' title="bbox 0 0 1202 3912; baseline 0 0"><span class='ocrx_word' id='word_1_247' title='bbox 0 0 1202 3912; x_wconf 95' lang='lat' dir='ltr'><strong><em> </em></strong></span> 
     </span>
    </p>
   </div>
  </div>
 </body>
</html>
