2400 3912
153 215 195 280 96
583 218 746 268 -Λ-

152 381 279 455 πόλεως
305 377 461 463 ἐβούλετο
488 378 645 463 δακρύων
668 378 735 463 ἅμα
757 376 814 444 καλ
837 376 1045 462 τήνὲαυτοῦ
1061 332 1166 462 τύχην

152 487 479 572 κατολοφυρόμενος,
512 485 621 570 ὥσπερ
651 484 686 550 οί
713 479 784 550 κατ’
812 484 976 568 ἀλήθειαν
1003 481 1089 570 ὑπὲρ
1117 493 1166 568 τῆς

153 601 260 679 ψυχῆς
283 591 500 675 ἀγωνιῶντες.

220 698 321 764 LVII.
355 694 602 783 Ἠρεθισμένου
639 694 676 762 δὲ
712 707 773 764 τοῦ
810 701 964 782 πλήθους
1000 695 1056 762 καλ
1094 699 1165 782 μετὰ

130 811 277 890 επολλής
298 807 490 891 προθυμίας
512 802 792 889 πυνθανομένου,
819 807 909 882 τίνες
931 803 1018 870 είσλν
1042 805 1079 870 οί
1100 802 1165 888 μέλ-

153 917 268 990 λοντες
291 911 394 976 αὐτὸν
411 911 624 996 προδιδόναι,
649 911 722 992 [τὸν
742 910 1006 997 ἐπιφανέστατον
1025 920 1096 976 τῶν
1110 914 1165 975 Γα-

152 1019 250 1101 βίων]
268 1013 453 1083 Ἀντίστιον
478 1015 641 1102 Πέτρωνα
664 1016 851 1102 ὠνόμασεν,
875 1018 913 1096 ὃς
935 1017 973 1084 ἐν
997 1020 1117 1104 είρήυη
1138 1041 1165 1081 τε

152 1125 259 1188 πολλὰ
290 1120 346 1188 καὶ
378 1124 544 1189 σπουδαία
576 1123 857 1209 πολιτευσάμενος
888 1122 943 1190 καὶ
972 1127 1165 1211 στρατηγίας

152 1231 276 1306 πολλὰς
311 1230 485 1307 τετελεκὼς
522 1229 782 1314 ἐπιφανέστατος
819 1230 977 1296 ἁπάντων
1009 1230 1164 1315 ἐγεγόνει·

117 1359 143 1398 10
153 1335 426 1422 ἀπολογουμένου
450 1331 487 1400 δέ
509 1343 571 1400 τοῦ
593 1336 717 1422 ἀνδρὸς
734 1334 790 1402 καλ
809 1337 920 1402 διὰτὸ
939 1333 1046 1423 μηδὲν
1065 1335 1164 1424 ἑαυτῷ

152 1442 343 1510 συνειδέναι
360 1451 471 1510 πᾶσαν
489 1439 637 1521 ἐξέτασιν
654 1441 883 1528 ὑπομένοντος
901 1445 965 1529 ἔφη
985 1445 1164 1533 βούλεσθαη

151 1550 214 1633 τήν
244 1552 354 1616 οίκίαν
377 1549 482 1615 αὐτοῦ
506 1549 719 1633 διερευνῆσαι
741 1549 873 1635 πέμψας
895 1548 1043 1636 ἑτέρους,
1074 1551 1164 1627 αὐτὸς

153 1649 184 1718 δ’
202 1653 255 1721 ἐπὶ
277 1665 335 1740 τής
358 1656 532 1739 ἐκκλησίας
550 1657 615 1720 σὺν
635 1654 762 1743 ἐκείνω,
786 1654 868 1734 τέως
886 1655 928 1721 ἂν
948 1656 984 1722 οί
998 1655 1164 1746 πεμφθέη-

117 1762 205 1837 2τες
228 1764 363 1845 ἔλθωσι,
389 1761 511 1846 μένειν.
557 1763 651 1847 ἔτυχε
676 1758 713 1826 δὲ
737 1763 952 1849 διεφθαρκὼς
975 1763 1081 1829 αὐτοῦ
1102 1775 1164 1828 τῶν

118 1887 143 1928 ιε
153 1870 371 1953 θεραπόντων
398 1869 492 1945 τινας
519 1867 668 1957 ἀργυρίῳ
695 1869 754 1946 τὰς
781 1867 835 1935 ἐπὶ
856 1871 917 1936 τὸν
940 1871 1087 1957 όλεθρον
1110 1879 1163 1936 τοῦ

153 1971 332 2057 Πέτρωνος
359 1975 685 2064 κατασκευασθείσας
707 1974 881 2054 ἐπιστολὰς
902 1977 1165 2063 σεσημειωμένας

151 2086 192 2163 πή
218 2087 279 2145 τοῦ
306 2082 430 2167 πατρὸς
458 2081 620 2166 σφραγῖδι
648 2083 811 2165 λαβόντας
838 2084 939 2148 ένδον
967 2082 1163 2149 ἀποθέσθαι.

153 2185 197 2262 ὡς
221 2179 251 2249 δ’
274 2186 309 2251 οί
328 2185 538 2272 πεμφθέντες
557 2185 611 2252 ἐπὶ
629 2188 691 2272 τήν
710 2190 866 2275 ἔρευναν·
890 2187 992 2256 οὐδέν
1010 2191 1075 2276 γὰρ
1093 2189 1195 2256 ἀντ-λλ

153 2301 244 2358 εἴπεν
276 2292 295 2359 ό
328 2292 484 2380 Πέτρων,
523 2289 596 2358 ἀλλ’
628 2293 730 2378 ἐφήκε
767 2296 830 2380 τήν
867 2297 977 2362 οίκίαυ
1014 2296 1163 2380 ἐρευνᾶν·

117 2420 144 2460 νο
154 2397 322 2482 εὑρόντες,
347 2401 433 2465 ἔνθα
451 2394 494 2482 ἦν
513 2398 788 2486 ἀποκεκρυμμένα
807 2402 848 2466 τὰ
860 2403 1047 2487 γράμματα,
1065 2411 1163 2487 παρή-

153 2519 216 2568 σαυ
239 2506 286 2580 είς
308 2505 370 2588 τήν
393 2505 570 2590 ἐκκλησίαν
594 2507 695 2584 ἄλλας
717 2530 752 2573 τε
775 2509 900 2585 πολλὰς
922 2506 1083 2595 φέροντες
1101 2509 1163 2574 ἐπι-

153 2611 272 2687 στολὰς
298 2610 601 2696 ἐπισεσημασμένας
627 2611 682 2678 καὶ
709 2614 771 2698 τήν
798 2615 883 2700 πρὸς
904 2616 964 2680 τὸν
984 2609 1162 2682 Ἀντίστιον

152 2727 349 2801 γραφεῖσαν,
373 2717 604 2801 ἐπιγινώσκειν
627 2720 737 2804 φήσας
758 2720 820 2803 τήν
840 2723 1011 2808 σφραγῖδα
1028 2731 1090 2788 τοῦ
1106 2741 1163 2787 πα-

152 2822 230 2908 τρὸς
255 2822 274 2889 ό
297 2822 421 2903 Σέξτος
443 2827 555 2908 ἔλυσε,
583 2822 706 2914 καὶτῷ
729 2837 916 2914 γραμματεῖ
936 2829 1018 2905 δοὺς
1042 2826 1162 2894 ἐκέλευ-

118 2897 211 2994 3σευ
230 2929 480 3014 ἀναγινώσκειν.
518 2927 698 3017 ἐγέγραπτο
718 2929 749 2996 δ’
772 2933 809 2999 ἐν
828 2934 921 3018 αὐτή,
946 2934 1088 3018 μάλιστα
1104 2931 1162 3018 μὲν

116 2985 142 3026 25

223 3129 239 3177 2
258 3121 329 3192 ὑπὲρ
347 3129 396 3192 τῆς
414 3122 437 3175 Β
473 3129 523 3191 τῆς
541 3139 594 3178 om.
613 3124 640 3176 R
694 3124 777 3180 θεὸν
797 3120 1022 3195 ἐπιφανέστατον
1042 3135 1096 3182 τῶν
1108 3129 1161 3179 Γα-

151 3193 220 3316 ςίων
240 3193 295 3250 del.
315 3192 438 3248 Sintenis
456 3192 573 3248 Hermes
591 3194 604 3246 I
623 3200 673 3249 471
743 3201 759 3250 8
778 3213 880 3266 στρατη
900 3198 945 3260 ίιις
963 3217 993 3253 τε
1013 3197 1036 3252 0
1054 3199 1161 3268 praeter

231 3269 263 3317 11
278 3263 427 3335 ὑπομένων
441 3261 569 3334 λέγοντος
583 3265 748 3322 dubitanter
762 3284 785 3324 c.
799 3217 944 3337 Κλοεεέἰος
999 3275 1033 3324 13
1048 3265 1161 3341 *ἐκείνῳ

154 3331 204 3394 ἕως
227 3335 302 3388 ABb
340 3331 438 3409 ἐκείνῳ
461 3355 490 3390 τε
514 3335 551 3398 ὡς
572 3337 619 3390 Ba
702 3342 735 3392 14
757 3344 854 3408 μενεῖν
878 3356 901 3392 c.
920 3338 1061 3394 Biicheler
1127 3346 1161 3394 16

153 3401 744 3544 τέτοκα*εείιεκελλι
757 3410 958 3535 γεγε
974 3412 979 3481 ¹
996 3409 1161 3537 ανον·

187 3541 191 3548 .
242 3512 247 3524 ·
433 3519 439 3531 ·
480 3519 485 3531 ·
863 3501 896 3552 το
933 3501 1053 3552 ww
