2394 3912
487 243 647 294 -5-
1012 242 1076 309 309

63 400 229 484 ἐπίθεσιν,
253 402 309 467 ἴνα
331 399 411 489 πρὶν
435 401 619 469 αἰσθέσθαι
636 407 715 482 τοὺς
733 406 835 470 ἔνδον
854 404 907 471 ἐπὶ
925 415 965 492 τη
984 411 1078 474 πόλει

7 506 239 590 [τινγένωνταν
271 507 327 575 καὶ
350 509 456 598 ῥᾷστα
479 509 521 576 ἀν
545 510 730 595 ἐκράτησαν
752 512 874 595 αὐτῶν,
899 515 931 578 εί
946 516 990 599 μη
1010 525 1077 580 τῶν

63 620 172 690 ψιλῶν
194 638 282 694 τινες
305 615 564 702 ἀποσχισθέντες
585 628 644 702 τῆς
666 619 847 703 φάλαγγος,
872 620 988 697 αὐλαῖς
1010 620 1077 686 ἐπι-

63 723 245 805 βάλλοντες
263 723 412 810 ἁρπαγῆς
430 723 526 790 ἕνεκα
545 728 699 810 θόρυβον
718 726 925 811 εἰργάσαντο.
961 730 1024 810 βοή
1042 751 1077 792 τε
1092 729 1113 793 2

62 830 124 914 γὰρ
154 828 260 906 εὐθὺς
289 827 419 913 ἐγένετο
449 828 504 896 κάλ
533 833 657 916 δρόμος
683 842 751 898 τῶν
778 843 938 918 γεωργῶν
966 835 1013 910 είς
1039 836 1099 900 τὸε

62 945 178 1019 τεῖχος,
202 934 283 1021 πρὶν
305 937 326 1021 ἢ
344 949 417 1014 ταῖς
435 939 555 1015 πύλαις
573 941 652 1016 τοὺς
669 942 849 1024 πολεμίους
867 946 1076 1026 προσελθεῖν.

64 1041 105 1117 ὡς
128 1039 161 1106 δ’
185 1044 338 1125 ἔγνωσαν
361 1043 472 1108 αὐτῶν
494 1046 556 1128 την
580 1047 706 1128 ἔφοδον
725 1047 859 1111 οἱκατὰ
875 1050 974 1112 πόλιν
991 1054 1078 1113 θεω-

63 1158 202 1232 ροῦντες
225 1149 346 1234 μεταξὺ
367 1147 424 1214 καὶ
446 1153 525 1227 τοὺς
548 1151 735 1235 στεφάνους
757 1151 958 1236 ἐπικείμενοι
981 1177 1077 1219 κατα-

63 1257 216 1332 λιπόντες
229 1257 308 1332 τοὺς
321 1256 453 1339 ἀγῶνας
468 1254 521 1321 ἐπὶ
535 1258 575 1321 τά
590 1257 675 1322 ὅπλα
689 1258 863 1343 ὥρμησαν·
881 1257 937 1324 καλ
951 1250 1078 1344 φθάνει

63 1368 104 1448 τῷ
116 1365 306 1450 Σερουιλίῳ
321 1369 527 1448 συναχθεῖσα
543 1364 685 1449 δύναμις
699 1363 955 1442 αὐτοκέλευστος
969 1366 1077 1449 ίκανη,
1089 1391 1114 1430 ω
1139 1401 1148 1416 ·

63 1468 103 1551 ἣν
131 1468 261 1545 ἐκεῖνος
284 1471 368 1552 ἔχων
392 1469 675 1554 συντεταγμένην,
705 1472 903 1555 προσπίπτει
925 1483 996 1547 τοῖς
1018 1491 1077 1536 πο-

64 1578 189 1659 λεμίοις
211 1575 278 1641 ὑπό
300 1598 335 1640 τε
358 1575 545 1660 ἀγρυπνίας
567 1575 623 1642 καὶ
644 1579 752 1642 κόπου
775 1580 1078 1663 τεταλαιπωρηκόσι

63 1678 115 1746 καλ
139 1682 182 1747 ού
207 1681 488 1769 προσδεχομένοις
509 1683 571 1766 την
590 1692 657 1748 τῶν
672 1680 842 1767 Ῥωμαίων
861 1685 996 1767 ἔφοδον.
1033 1683 1112 1760 ὡς3

66 1785 99 1854 δέ
122 1787 305 1874 συνέμιξαν
328 1792 376 1867 είς
398 1800 520 1876 χεῖρας,
543 1788 673 1873 ἐγένετο
693 1791 779 1875 μάχη
798 1792 836 1855 τὸ
855 1788 916 1876 μέν
935 1790 972 1856 έν
990 1789 1079 1868 τάξει

10 1896 116 1962 ιιιεκαλ
138 1900 254 1984 κόσμῳ
279 1897 334 1962 διδ
356 1889 419 1981 την
443 1898 595 1981 σπουδὴν
618 1896 782 1984 ἑκατέρων
806 1897 1019 1985 ἀφηρημένη,
1047 1901 1114 1964 ολιε

67 2001 94 2068 δ’
122 2005 168 2082 ὡς
200 2004 264 2070 ἀπὸ
294 2005 394 2090 τύχης
424 2005 516 2082 τινὸς
545 2003 565 2088 ἢ
597 2004 726 2088 φάλαγξ
756 2005 903 2090 φάλαγγι
931 2005 951 2090 ἣ
983 2009 1080 2090 λόχος

66 2113 148 2199 λόχῳ
181 2110 201 2195 ἢ
233 2111 318 2196 ἀνὴρ
347 2108 446 2198 ἀνδρί
474 2109 674 2204 συνέπησον,
708 2112 816 2188 ίππεῑς
845 2134 880 2176 τε
906 2110 962 2177 καὶ
989 2108 1079 2189 πεζοὶ

67 2218 128 2302 ἀμα
147 2217 357 2304 πεφυρμένοι
380 2218 551 2303 ἐμάχοντο.
590 2214 715 2304 ἀρωγοὶ
737 2212 768 2282 δ’
790 2219 902 2295 αὐτοῖς
921 2216 1079 2303 ἑκατέρω-

67 2331 126 2390 θεν
158 2321 304 2411 ἐπῄεσαν
332 2325 373 2390 οὐ
402 2325 458 2389 διδ
485 2334 614 2410 μακροῦ
643 2333 711 2389 τῶν
733 2327 864 2390 πόλεων
888 2324 1015 2407 οὐσῶν,
1047 2328 1083 2389 οἳ

68 2433 101 2496 τὸ
124 2434 255 2516 κάμνον
277 2432 570 2518 ἀναθαρρύνοντες
588 2429 642 2496 ἐπὶ
660 2433 768 2497 πολὺν
787 2433 910 2516 χρόνον
930 2428 1079 2515 ἀντέχειν
1089 2455 1115 2494 ω

68 2549 135 2616 ταῖς
163 2542 401 2626 ταλαιπωρίαις
424 2539 570 2603 ἐποίουν.
617 2540 727 2603 ἔπειτα
751 2539 786 2603 οί
802 2534 955 2621 Ῥωμαῖοι
978 2554 1079 2624 προσ
1123 2594 1127 2600 .

68 2644 248 2730 γενομένης
276 2648 372 2731 σφίσι
400 2652 458 2728 τῆς
485 2644 589 2710 ἵππου
611 2645 712 2709 πάλιν
735 2655 852 2710 νικῶσι
875 2647 954 2721 τοὺς
976 2647 1080 2728 Σαβί-

137 2881 152 2928 1
172 2893 194 2928 π
213 2873 240 2927 λν
255 2870 413 2928 αἰσθέσθαι
426 2873 451 2925 A
470 2871 507 2943 μὴ
521 2870 767 2942 προαισθέσθαιΒ
784 2875 788 2938 1
805 2866 864 2943 ἐπὶ]
880 2866 911 2926 ἐν
926 2889 948 2928 ο.
959 2871 1077 2940 Βθὶελςολ

71 2941 182 3014 γένηται
229 2943 249 2998 C
304 2943 533 3014 6προελθεῖνΒ
589 2944 717 2998 λαύτῶν
736 2941 787 3012 την
807 2940 912 3012 ἔφοδον
932 2961 986 2997 om.
1005 2942 1078 3014 ΒΟῙ
1188 2975 1189 2982 1

71 3015 139 3069 κατὰ
157 3016 210 3085 τὴν
229 3013 352 3070 πόλινΒ
418 3021 450 3069 13
469 3022 524 3069 τῶν
544 3014 650 3069 add.ss
720 3020 752 3068 14
772 3011 935 3067 συνέτειναν
954 3015 979 3067 A
1016 3032 1082 3068 συν-

72 3083 209 3153 έιξανΒ
279 3092 311 3141 15
330 3082 380 3140 *ολ
396 3083 470 3141 δὲΟ
509 3083 536 3140 οἳ
554 3083 582 3139 δ’
604 3101 657 3155 ego
694 3082 724 3139 ολ
739 3082 895 3154 ἀμφότεροι
914 3102 937 3139 ο.
957 3084 1081 3155 Sintenis

72 3105 127 3212 Am.
146 3157 229 3213 Dion.
248 3158 274 3211 11
289 3162 323 3211 28
384 3163 416 3212 17
436 3155 639 3212 συνεπλέκοντο
658 3157 683 3209 A
720 3153 915 3210 συνέπεσονΒ
971 3161 1003 3210 18
1023 3154 1082 3226 ἅμα

71 3227 245 3300 πεφυρμένοι
263 3245 287 3283 ο.
305 3227 449 3297 Kiessling
468 3227 503 3284 cf.
523 3226 645 3281 Schenkl
663 3225 795 3280 Bursiani
813 3225 884 3281 Ann.
900 3226 998 3282 Litter.
1018 3227 1082 3281 bre-

73 3298 137 3355 viar.
155 3319 184 3370 p.
199 3307 233 3355 36
257 3299 306 3369 qui
329 3297 436 3373 κόσμῳ,
460 3296 490 3354 ολ
510 3296 542 3353 δὲ
566 3297 616 3352 διὰ
638 3298 689 3368 τὴν
713 3296 840 3365 σπονδὴν
863 3297 961 3372 <τῶν>
980 3292 1081 3368 ἐτέρων

75 3366 184 3435 ἕκαστος
203 3369 393 3442 ἀφῃρημένος,
413 3371 449 3433 ὡς
467 3370 523 3425 ἀπὸ
542 3369 627 3439 τύχης
645 3368 721 3432 τινδς
740 3366 769 3440 [ἢ
789 3367 900 3448 φάλαγξ
920 3369 1045 3441 φάλαγγι
1064 3366 1081 3437 ἢ

75 3439 139 3515 λόχῳ
157 3441 238 3513 λόχος
256 3440 286 3514 ἢ]
306 3442 379 3513 ἀνὴρ
399 3441 482 3512 ἀνδρὶ
502 3439 656 3496 συνέπεσον
674 3457 732 3510 εηε.
748 3438 926 3494 scnbendum
941 3458 1002 3496 οεεο
1017 3458 1084 3496 cen-

76 3515 126 3582 set;
144 3513 289 3570 Meutzner
309 3514 378 3568 Ann.
397 3512 467 3582 phil.
489 3519 557 3568 1882
576 3531 603 3581 p.
619 3519 671 3568 258
690 3511 848 3566 hariolatur
