2384 3902
453 251 485 258 -
524 219 544 272 ’ἔ
580 249 613 258 -
979 221 1043 287 287

92 379 214 445 XVIII.
244 376 388 462 Ὀλίγαις
416 376 447 445 δ’
474 380 617 467 ὕστερον
645 371 783 467 ἡμέραις
804 379 958 469 πρέσβεις
981 383 1044 449 ἀπὸ

30 495 85 552 τοῦ
111 495 231 552 κοινοῦ
255 497 326 552 τῶν
348 489 506 553 Λατίνων
529 483 612 571 ἧκον
635 487 680 565 ὠς
703 488 826 566 αὐτοὺς
848 488 882 568 ἐξ
905 489 1044 556 ἀπασῶν

8 604 90 660 ’θεῶν
112 597 244 660 πόλεων
263 591 493 678 ἐπιλεχθέντες
512 595 548 659 οί
562 594 625 678 την
643 593 801 660 ἐναντίαν
819 598 950 680 ἔχοντες
968 594 1044 683 περὶ

28 709 83 764 τοῦ
104 701 255 786 πολέμου
278 701 428 785 γνώμην,
452 701 618 787 ἱκετηρίας
640 699 696 766 καί
719 699 885 786 στέμματα
905 705 1043 788 προεχό-

29 831 125 890 μενοι.
169 802 265 872 οὗτοι
292 805 522 892 παραχθέντες
550 805 603 872 ἐπὶ
630 807 692 891 την
719 799 862 892 βουλήν,
892 809 954 893 τὴν
981 806 1066 894 μένε

28 913 128 998 ἀρχὴν
155 923 218 979 τοῦ
246 912 395 999 πολέμου
423 915 504 990 τοὺς
532 915 797 992 δυναστεύοντας
825 913 862 980 ἐν
889 927 961 992 ταῖς
983 918 1042 982 πό-

28 1025 114 1085 λεσιν
133 1017 325 1104 ἀπέφαινον
344 1021 487 1096 αίτίους·
510 1021 548 1085 τὸ
568 1017 605 1084 δέ
624 1025 753 1104 πλῆθος
771 1022 808 1086 ἓν
822 1023 928 1106 μόνον
941 1031 1041 1088 τοῦτο

28 1125 181 1212 ἁμαρτεῖν
215 1129 348 1210 ἔλεγον,
381 1127 433 1192 ότι
465 1135 627 1212 πονηροῖς
658 1125 798 1210 ἐπείσθη
832 1128 1043 1213 δημαγωγοῖς

29 1233 91 1297 ίδια
112 1232 218 1320 κέρδη
241 1230 574 1318 παρεσκευασμένοις.
620 1233 742 1316 ταύτης
765 1230 802 1298 δέ
824 1242 882 1318 τῆς
905 1229 1078 1320 ἀπάτης,2

28 1339 60 1403 ἐν
85 1330 107 1425 ᾖ
134 1342 174 1406 τὸ
203 1345 322 1405 πλεῖον
348 1339 495 1423 ἀνάγκης
518 1337 618 1425 μέρος
640 1335 699 1422 ἦν,
728 1339 769 1404 οὐ
792 1340 938 1424 μεμπτὰς
959 1363 1078 1406 τιτι-ιο

28 1445 115 1512 κέναι
145 1449 242 1525 δίκας
266 1446 408 1529 ἑκάστην
430 1448 530 1512 πόλιν
553 1448 670 1529 ἔλεγον
691 1452 750 1529 τῆς
772 1449 947 1531 κρατίστης
969 1449 1043 1513 νεό-

28 1575 117 1636 τητος
150 1554 404 1641 ἀναιρεθείσης,
437 1553 520 1618 ὥστε
553 1553 596 1636 μὴ
630 1549 750 1638 ῥᾴδιον
781 1547 867 1617 εἶναι
893 1550 1043 1631 πένθους

28 1662 178 1747 καθαρὰν
200 1661 313 1746 εὑρεῖν
336 1661 461 1743 οἰκίαν,
487 1656 604 1742 ἠξίουν
631 1656 660 1722 τ’
692 1658 815 1736 αὐτοὺς
836 1662 1042 1745 παραλαβεῖν
1107 1723 1110 1728 ,

29 1777 108 1849 σφᾶς
130 1769 276 1851 ἥκοντας
299 1766 378 1832 οὔτε
400 1762 476 1849 περὶ
499 1773 557 1848 τῆς
580 1764 682 1849 ἀρχῆς
705 1767 753 1830 ἐτι
777 1764 1042 1850 διαφερομένους

30 1873 99 1938 οὔτε
123 1871 295 1958 περὶτῶν
320 1879 403 1937 ῖσων
427 1876 702 1955 φιλονεικοῦντας
725 1871 918 1957 συμμάχους
934 1894 970 1938 τε
987 1869 1080 1938 καίεο
1136 1929 1142 1943 ,

28 1978 193 2062 ὑπηκόους
221 1981 352 2045 ἅπαντα
378 1980 438 2044 τὸν
466 1979 586 2043 λοιπὸν
613 1981 738 2063 χρόνον
765 1977 959 2063 ἐσομένους,
987 1976 1042 2044 καί

28 2095 88 2150 πᾶν
111 2087 196 2152 ὅσον
220 2086 238 2152 ὁ
263 2087 393 2170 δαίμων
416 2084 570 2168 ἀφείλετο
593 2093 655 2148 τοῦ
668 2087 825 2149 Λατίνων
849 2084 1041 2169 ἀξιώματος,

28 2201 120 2258 τοῦτο
140 2201 180 2278 τῇ
195 2189 366 2276 Ῥωμαίων
384 2193 643 2277 προσθήσοντας
661 2190 831 2276 εὐποτμίᾳ.
862 2194 1075 2258 τελευτῶν-3

28 2320 74 2375 τες
97 2295 136 2364 δέ
159 2295 349 2382 τοῦλόγου
372 2295 571 2380 συγγένειαν
595 2296 815 2362 ἐπεκαλοῦντο
838 2293 894 2360 καί
913 2312 1041 2382 συμμα-

10 2404 106 2486 ιόχιῶν
129 2395 392 2491 ἀπροφασίστων
409 2399 489 2468 ποτέ
507 2402 700 2487 γενομένων
719 2402 968 2487 ἀνεμίμνησκον
985 2402 1077 2469 καίεο

29 2513 200 2596 συμφορὰς
233 2509 411 2576 ἀνέκλαιον
440 2511 499 2586 τάς
528 2508 801 2594 καταληψομένας
829 2512 909 2586 τοὺς
936 2507 1041 2595 μηδέν

29 2615 268 2704 ἡμαρτηκότας,
297 2621 333 2682 οἳ
357 2623 471 2703 μακρῷ
500 2620 635 2693 πλείους
657 2612 744 2699 ἦσαν
766 2627 834 2681 τῶν
857 2615 1041 2702 ἡμαρτηκό-

28 2746 105 2807 των,
129 2725 332 2811 ὀδυρόμενοι
355 2717 432 2807 παρ’
455 2721 575 2787 ἕκαστα
598 2719 743 2787 καὶτῶν
766 2723 920 2806 γονάτων
942 2723 1041 2790 ἁπτό-
1172 2799 1179 2812 ι

29 2854 117 2912 μενοι
150 2832 259 2914 πόσης
290 2838 348 2913 τῆς
379 2831 556 2915 γερουσίας
588 2826 642 2893 καὶ
674 2831 732 2906 τάς
761 2830 925 2914 ἱκετηρίας
952 2832 1042 2917 παρὰ

29 2948 92 3014 τοῖς
120 2936 201 3003 ποσὶ
230 2945 291 3001 τοῦ
321 2938 516 3020 Ποστομίου
544 2934 708 3012 τιθέντες·
746 2937 829 3002 ὥστε
858 2943 982 3024 παθεῖν
1009 2961 1041 3002 τι
1051 2959 1077 3000 ιε

30 3047 104 3130 πρὸς
131 3045 172 3109 τά
199 3043 329 3129 δάκρυα
352 3039 487 3118 καὶτὰς
511 3043 640 3124 δεήσεις
663 3041 774 3107 αὐτῶν
797 3043 835 3108 τὸ
859 3041 1040 3128 συνέδριον

30 3151 118 3216 ἀπαν.

93 3269 198 3327 3ολο
242 3269 289 3326 οἷα
307 3269 412 3325 Reiske
503 3267 724 3340 4προεχόμενοι
747 3270 772 3322 Α
808 3269 997 3342 παρεχόμενοι
1015 3273 1041 3326 R

31 3342 107 3421 5wa
131 3341 266 3467 ἀρέὴνΟ
303 3349 352 3411 τῆς
371 3342 458 3411 ἀρχῆς
481 3339 586 3394 Reiske
670 3348 703 3423 11}
723 3335 882 3424 ἕκόνταςΟ
919 3340 1042 3412 ἥκοντας

31 3410 145 3468 Smtenis
190 3432 227 3470 m.
246 3412 328 3467 Dion.
343 3412 370 3465 11
385 3419 418 3466 26
503 3417 535 3466 15
554 3412 597 3482 τε]
618 3409 649 3466 δὲ
670 3412 794 3468 Smtems
813 3413 831 3467 l.
851 3413 870 3468 1.
945 3420 978 3469 18
997 3434 1041 3470 τε-

30 3486 173 3548 λευτῶντος
193 3485 216 3539 0
236 3501 306 3538 corr.
325 3482 429 3537 Reiske
502 3489 537 3536 22
556 3482 587 3536 αἳ
604 3483 630 3536 A
666 3482 726 3536 ἃΒ
799 3491 834 3539 24
852 3486 913 3558 τῆς]
932 3486 1004 3540 τεΒ
