2400 3912
488 208 652 257 -Λ-
1037 205 1080 270 85

77 363 223 450 ἀρίστους
249 366 390 452 ἄνδρας,
422 365 567 450 ἡγεμόνα
594 375 771 433 ποιοῦνται
796 375 857 432 τοῦ
880 370 1005 444 ἔθνους
1028 365 1082 433 ἐπὶ

31 481 136 548 πιστοῖς
162 473 274 551 αὐτοῖς
295 483 366 551 τοῖς
393 474 550 557 δικαίοις,
582 468 636 558 ἐφ’
663 465 932 559 οἷς·Ταρκύνιύυ
959 497 994 540 τε
1020 476 1081 540 τὸν

72 579 197 643 πάππου
230 579 335 646 αὐτοῦ
367 583 531 666 πρότερον
560 579 759 664 ἐποιήσαντο
785 578 843 646 καὶ
870 582 951 666 μετὰ
977 589 1081 646 ταῦτα

76 685 224 750 Τύλλιον
262 688 435 769 συνθήκας
457 709 493 751 τε
514 687 704 772 γράψαντες
723 686 760 753 ἐν
779 689 913 771 στήλαις
931 685 1081 772 καὶπερὶ

72 796 216 876 φυλακῆς
245 802 314 858 τῶν
345 790 574 878 συγκειμένων
606 793 703 879 ὅρκια
735 795 888 878 τεμόντες
921 793 1107 859 διέλυσαυσ

70 897 124 961 τὸν
145 897 322 982 σύλλογον.

129 1003 363 1073 XXXXVIIII.
396 1007 514 1093 Τυχὼν
539 1002 578 1072 δὲ
600 1015 659 1090 τῆς
681 1007 839 1071 Λατίνων
861 1005 1039 1090 ἡγεμονίας
1062 1005 1080 1071 δ

73 1112 253 1196 Ταρκύνιος
275 1111 520 1198 ἐπρεσβεύσατο
539 1110 595 1179 καὶ
612 1113 697 1198 πρὸς
714 1113 773 1189 τὰς
790 1107 952 1196 Ἑρνίκων
970 1114 1082 1189 πόλεις

69 1214 118 1280 καὶ
146 1218 232 1304 πρὸς
263 1220 322 1296 τὰς
352 1219 577 1288 Οὐολούσκων
605 1218 879 1306 προκαλούμενος
908 1216 1082 1294 κάκείνους

69 1324 111 1400 είς
132 1327 251 1408 φιλίαν
273 1347 309 1390 τε
332 1322 388 1391 καί
411 1327 612 1411 συμμαχίαν.
641 1323 794 1411 Ἕρνικες
816 1321 877 1408 μὲν
896 1318 959 1388 οὖν
977 1325 1080 1389 άπαυ-
1096 1345 1122 1383 10

69 1453 116 1506 τες
151 1429 361 1515 ἐψηφίσαντο
398 1440 509 1496 ποιεῖν
545 1432 608 1514 τὴν
641 1432 847 1516 συμμαχίαν,
883 1429 919 1495 ἐκ
952 1427 989 1495 δὲ
1020 1439 1081 1495 τοῦ

70 1536 290 1603 Οὐολούσκων
325 1539 451 1614 ἔθνους
483 1538 545 1603 δύο
574 1540 688 1615 πόλεις
715 1535 869 1615 ἐδέξαντο
897 1538 998 1620 μόναι
1024 1537 1083 1613 τδις

68 1646 269 1728 προκλήσεις,
291 1638 483 1730 Ἐχετρανοί
497 1667 533 1708 τε
550 1641 607 1709 καὶ
621 1638 795 1709 Ἀντιάται.
832 1652 892 1709 τοῦ
912 1639 949 1708 δὲ
967 1641 1082 1727 μένειν

69 1750 111 1825 είς
126 1749 258 1814 ἅπαντα
275 1753 399 1836 χρόνον
417 1752 458 1815 τά
477 1752 676 1835 συγκείμενα
695 1760 767 1826 ταῖς
788 1752 905 1815 πόλεσι
917 1753 1105 1836 πρόνοιαν

69 1854 84 1920 ὁ
108 1857 294 1943 Ταρκύνιος
321 1856 503 1940 λαμβάνων
531 1857 622 1941 ίερὸν
650 1859 736 1940 ἔγνω
765 1857 882 1923 κοινὸυ
909 1855 1080 1934 ἀποδεῖξαι
1096 1875 1121 1916 1⁵

65 1957 228 2047 Ῥωμαίων
259 1985 295 2028 τε
327 1959 383 2027 καὶ
406 1966 564 2028 Λατίνων
593 1960 649 2028 καὶ
666 1957 831 2048 Ἑρνίκων
852 1960 908 2028 καὶ
933 1962 1082 2028 Οὐολού-

69 2083 151 2134 σκων
173 2080 244 2135 τῶν
266 2068 531 2154 ἐγγραψαμένων
554 2070 601 2146 είς
620 2070 683 2153 τήν
702 2072 904 2158 συμμαχίαν,
927 2069 983 2134 ἵνα
1002 2085 1081 2135 συν-

28 2178 240 2260 σσεερχόμενοι
262 2169 341 2240 καθ’
359 2174 500 2240 ἕκαστον
523 2174 679 2241 ἐνιαυτὸν
697 2176 745 2252 είς
763 2177 822 2240 τὸν
838 2174 1082 2260 ἀποδειχθέντα

66 2285 164 2349 τύπον
185 2284 438 2368 πανηγυρίζωσι
450 2279 506 2346 καὶ
521 2291 761 2347 συνεστιῶνται
773 2278 829 2345 καὶ
842 2291 967 2347 κοινῶν
982 2282 1082 2368 ίερῶν
1156 2303 1158 2319 ·

67 2389 370 2474 μεταλαμβάνωσιν.
407 2387 584 2472 ἀγαπητῶς
606 2385 643 2453 δὲ
666 2389 802 2453 πάντων
820 2389 857 2453 τὸ
876 2396 1011 2475 πρᾶγμα
1030 2368 1122 2482 δε-,ῗ0

67 2494 213 2580 ξαμένωυ
241 2498 346 2560 τόπον
374 2491 436 2579 μὲν
463 2492 649 2578 ἀπέδειξεν,
682 2496 769 2559 ἔνθα
796 2497 993 2578 ποιήσονται
1020 2495 1082 2578 τήν

67 2602 211 2668 σύνοδον
239 2601 277 2668 ἐν
304 2599 394 2690 μάσω
423 2601 564 2685 μάλιστα
591 2611 660 2665 τῶν
688 2600 802 2666 ἐθνῶν
825 2604 979 2685 κείμενον
1003 2603 1081 2686 ὄρος

64 2706 207 2792 ὑψηλόν,
245 2708 263 2773 ὃ
296 2715 356 2790 τῆς
385 2704 556 2790 Ἀλβανῶν
588 2705 780 2792 ὑπέρκειται
810 2710 952 2790 πόλεως,
986 2706 1023 2772 ἐν
1055 2698 1081 2794 ᾧ

64 2815 265 2900 πανηγύρεις
294 2808 326 2878 τ’
359 2812 424 2877 ἀνά
457 2822 525 2877 πάν
552 2815 624 2890 ἔτος
651 2814 796 2897 ἄγεσθαι
822 2811 878 2878 καὶ
904 2812 1083 2899 ἐκεχειρίας

66 2915 149 2985 εἶναι
177 2928 258 2985 πᾶσι
284 2921 368 3006 πρὸς
396 2919 522 2996 πάντας
549 2917 776 3003 ἐνομοθέτησε
798 2922 923 2996 θυσίας
944 2943 980 2984 τε
1003 2934 1082 2984 συν-
1096 2937 1122 2978 25

66 3031 229 3092 τελεῖσθαι
251 3027 367 3102 κοινάς
385 3033 431 3112 τῷ
451 3023 646 3112 καλουμένῳ
661 3028 834 3114 Λατιαρίῳ
848 3023 909 3090 Διὶ
927 3023 983 3090 καὶ
1001 3040 1081 3090 συν-

67 3134 239 3217 εστιάσεις,
267 3132 366 3212 τάξας
393 3130 413 3195 δ
438 3133 493 3197 δεῖ
507 3130 663 3217 παρέχειν
687 3129 828 3216 ἑκάστην
850 3134 949 3198 πόλιν
973 3133 1020 3209 είς
1042 3134 1082 3197 τδι

133 3323 357 3396 8Ερνίκων-
343 3323 496 3405 -πρδς
466 3343 517 3386 τας
533 3322 585 3376 A
576 3341 608 3378 m
625 3340 690 3394 mge
751 3329 784 3379 11
803 3342 879 3379 ποιει
872 3328 950 3379 σθαι
968 3325 1082 3394 Reiske,

67 3393 117 3451 del.
140 3395 248 3465 Kayser
270 3396 342 3450 Ann.
367 3392 437 3465 phil.
459 3402 528 3451 1866
551 3413 579 3464 p.
594 3401 629 3450 45
721 3401 754 3450 13
771 3393 889 3468 Ἐχετρα
870 3396 946 3452 αινολ
969 3395 1083 3467 ΒΙἍν-

66 3485 106 3536 τρι
97 3466 171 3521 ιάιια
188 3468 213 3520 A
286 3473 322 3522 20
342 3465 518 3522 άπάντωνΒ
