2400 3912
131 229 173 294 38
557 233 722 284 -Δ-

130 392 233 478 μένου
261 391 299 458 δὲ
326 392 450 459 τούτου
476 401 547 469 τοῖς
573 388 635 477 μὲν
661 395 838 470 πλουσίοις
863 400 936 470 τοῖς
960 395 1069 459 πολλὰ
1088 395 1131 460 δι-

129 483 339 584 πανωμένοις
365 497 421 565 καὶ
447 501 612 584 μηδεμίαν
639 499 831 566 ἀνάπαυσιν
857 511 928 566 τῶν
958 505 1161 586 πολεμικῶνεει
1187 559 1188 576 ,

129 608 300 672 κινδύνων
318 605 548 692 λαμβάνουσιν
566 602 666 690 ἧττον
685 603 776 692 ἐσῄει
794 608 1008 692 βαρύνεσθαι
1021 610 1133 694 κυρίοις

129 737 164 778 τε
189 717 347 798 γεγονόσι
367 725 437 780 τῶν
459 717 623 798 μεγίστων
646 711 702 778 καὶ
724 723 791 780 πᾶν
813 715 852 779 τὸ
875 715 998 800 κράτος
1021 715 1134 801 ἀφηρη·

103 819 243 906 τμένοις
274 832 342 886 τῶν
374 821 418 905 μὴ
454 820 558 886 ταύτά
592 821 799 886 ποιούντων·
843 821 927 908 τοῖς]
956 818 994 887 δὲ
1030 820 1135 904 πένησι

128 938 198 1003 τοῖς
230 928 419 1010 πολλοστὴν
451 929 565 1012 έχουσι
596 937 664 992 τῶν
691 932 872 993 πολιτικῶν
902 937 1027 1014 μοῖραν
1057 929 1135 994 εὐλο-

128 1035 249 1114 γίστως
280 1032 336 1098 καὶ
363 1031 477 1122 πρᾴως
500 1032 616 1120 φέρειν
639 1035 700 1118 την
728 1034 765 1100 έν
791 1035 925 1111 τούτοις
953 1034 1133 1118 ἐλάττωσιν,

129 1138 322 1224 ἀφειμένοις
348 1151 415 1204 τῶν
444 1142 614 1226 εἰσφορῶν
641 1137 787 1205 καὶτῶν
811 1151 1009 1226 στρατειῶν·
1047 1150 1087 1226 τῇ
1108 1138 1136 1206 δέ

129 1248 225 1311 πόλει
246 1250 326 1324 τοὺς
349 1246 471 1324 αὐτούς
493 1250 581 1331 ἔχειν
603 1249 683 1324 τοὺς
700 1246 991 1331 βουλευσομένους
1009 1246 1047 1312 δ’
1067 1245 1136 1332 ὑπὲρ

91 1375 118 1416 ιο
131 1354 232 1438 αὐτῆς
265 1354 286 1418 δ
316 1356 381 1437 δεῖ,
414 1352 470 1420 καὶ
497 1356 576 1430 τοὺς
602 1364 670 1418 τῶν
696 1355 867 1419 κινδύνων
894 1358 1056 1420 πλεῖστον
1083 1365 1137 1420 τῶν
1186 1402 1187 1405 ¹

95 1463 242 1530 3ἀλλων
266 1464 508 1547 μεταλαχόντας
530 1458 586 1526 καὶ
609 1459 796 1546 πράξοντας
819 1462 882 1527 ὅσα
906 1464 966 1527 δεῖ.
1008 1457 1137 1540 οὗτοςὸ
1186 1461 1188 1468 ’

128 1573 253 1654 κόσμος
278 1579 340 1634 τοῦ
367 1569 605 1651 πολιτεύματος
632 1565 686 1632 έπὶ
712 1570 837 1645 πολλὰς
865 1567 1011 1654 διέμεινε
1034 1570 1139 1652 γενεὰς

129 1678 378 1760 φυλαττόμενος
409 1675 473 1739 ὑπὸ
495 1669 680 1757 Ῥωμαίων·
718 1673 755 1738 έν
789 1671 826 1739 δὲ
855 1685 926 1752 τοῖς
957 1672 1038 1740 καθ’
1068 1675 1125 1760 ἡμᾶ

129 1784 297 1865 κεκίνηται
325 1783 460 1866 χρόνοις
487 1778 542 1845 καὶ
565 1778 809 1864 μεταβέβληκεν
832 1782 880 1858 είς
902 1783 940 1847 τὸ
965 1782 1139 1866 δημοτικά-

90 1908 116 1948 15
128 1910 238 1972 τερον,
263 1886 422 1971 ἀνάγκαις
439 1885 506 1952 τισὶ
525 1884 678 1970 βιασθεὶς
697 1888 864 1972 ἰσχυραῖς,
890 1888 932 1952 οὐ
949 1899 1020 1956 τῶν
1039 1891 1140 1973 λόχων

129 1993 401 2076 καταλυθέντων,
434 1993 517 2059 ἀλλά
542 2003 601 2077 τῆς
632 1996 779 2076 κλήσεως
806 1993 918 2058 αὐτῶν
948 1994 1063 2060 οὐκέτι
1087 1996 1174 2078 τηνεεο

130 2100 272 2185 ἀρχαίαν
295 2101 467 2185 ἀκρίβειαν
490 2101 733 2185 φυλαττούσης,
753 2100 798 2176 ὡς
817 2103 926 2184 ἔγνων
944 2111 1018 2177 ταῖς
1036 2101 1142 2188 ἀρχαι-

131 2209 257 2288 ρεσίαις
279 2207 390 2273 αὐτῶν
407 2207 565 2284 πολλάκις
583 2207 709 2292 παρών.
739 2200 812 2271 ἀλλ’
834 2204 919 2294 ὑπὲρ
938 2204 1000 2292 μὲν
1018 2210 1141 2274 τούτων

131 2314 191 2398 οὐχ
215 2315 233 2380 ὁ
257 2317 373 2402 παρὼν
395 2315 511 2400 καιρὸς
533 2313 705 2398 ἁρμόττων
727 2323 798 2390 τοῖς
820 2317 941 2398 λόγοις.

90 2441 117 2480 20
218 2423 322 2487 XXII.
358 2424 440 2487 Τότε
468 2417 498 2484 δ’
522 2415 585 2485 οὖν
613 2420 631 2485 ὁ
659 2421 800 2496 Τύλλιος
822 2419 936 2504 ἐπειδὴ
961 2420 1090 2501 διέταξε
1110 2424 1143 2488 τὸ

129 2525 206 2614 περὶ
241 2530 299 2604 τὰς
332 2530 492 2612 τιμήσεις,
530 2528 688 2604 κελεύσας
718 2529 798 2604 τοὺς
830 2530 967 2605 πολίτας
999 2530 1144 2605 ἅπαντας

131 2639 310 2699 συνελθεῖν
333 2640 380 2711 είς
397 2635 435 2698 τὸ
454 2630 611 2717 μέγιστον
629 2643 697 2697 τῶν
715 2633 780 2718 πρὸ
798 2642 857 2716 τῆς
875 2636 1003 2712 πόλεως
1022 2636 1145 2701 πεδίων

131 2743 267 2824 ἔχοντας
293 2743 334 2806 τὰ
361 2742 446 2806 ὅπλα
473 2737 529 2804 καὶ
550 2738 649 2816 τάξας
671 2739 750 2816 τούς
772 2734 810 2804 δ’
836 2740 945 2818 ἱππεῖς
966 2744 1051 2807 κατὰ
1072 2742 1146 2824 τέλη

130 2845 186 2914 καὶ
207 2850 287 2924 τοὺς
308 2849 426 2925 πεζοὺς
449 2846 485 2912 έν
509 2844 656 2930 φάλαγγι
673 2842 729 2909 καὶ
751 2846 831 2921 τοὺς
849 2845 1072 2932 ἐσταλμένους
1089 2851 1149 2914 τὸν

203 3013 219 3061 3
239 3001 326 3077 ε’σῄει]
343 3001 469 3060 ε’ποίετΟ
488 3004 601 3072 μετείω
614 3001 637 3054 Β
663 2997 744 3084 ἐπῄει
758 3002 861 3058 Reiske
922 3011 938 3058 5
952 3007 1112 3062 ποιούντων
1127 3007 1148 3061 Ο

132 3077 314 3148 φρονούντων
328 3077 375 3132 vel
387 3074 552 3130 πονούντων
567 3091 590 3128 ο.
604 3072 748 3144 Klesshng
769 3075 924 3130 τελούντων
938 3091 962 3132 c.
978 3075 1151 3147 Grasberger

132 3152 210 3204 Tess.
229 3147 345 3217 Herbip.
364 3166 392 3217 p.
413 3153 446 3201 18
483 3147 584 3214 9p0st
597 3142 677 3200 πόλει
696 3147 758 3201 αδδ.
777 3153 879 3216 περιῆν
898 3147 1004 3202 Reiske
1040 3151 1150 3203 9et10

131 3222 197 3282 τοὺς
215 3220 270 3273 del.
289 3219 393 3274 Reiske
453 3223 487 3272 10
504 3220 602 3270 πλεῖον
620 3233 644 3269 c.
663 3216 808 3286 Kiessling
863 3224 895 3271 11
916 3219 1151 3290 καταπράξαντας

133 3307 156 3344 ο.
175 3291 314 3344 Bficheler
349 3291 486 3345 πλείστων
509 3285 717 3358 μεταλαχόντας
739 3288 862 3343 καὶτῶν
881 3289 971 3343 ἀλλων
990 3290 1151 3360 πράξοντας

134 3377 158 3414 ο,
181 3359 354 3428 Grasberger
375 3363 395 3415 L
413 3361 432 3414 l.
452 3379 478 3428 p.
499 3365 532 3413 19
624 3363 657 3412 16
676 3358 842 3427 κλήσεωςΒ
879 3363 995 3428 κρίσεως
1017 3363 1042 3415 R
1117 3367 1150 3415 18
1187 3405 1188 3430 ,

134 3428 295 3482 πολλάκιΒ
380 3437 415 3483 20
435 3428 626 3494 διετύξατοΑ
708 3437 742 3484 23
760 3429 858 3502 τάξας]
881 3432 918 3486 τά
937 3427 1041 3501 ἕξῆςΒ
1115 3433 1188 3498 24}

136 3494 320 3568 ἐσταλμένους
339 3493 367 3560 ἔς
385 3516 408 3552 c.
426 3498 530 3552 Reiske
