2384 3902
465 209 629 258 -Ε-
990 203 1057 270 213

52 353 192 452 τερίζειν·
225 366 407 453 ἐλῄστευον
430 370 494 453 γὰρ
518 365 551 445 ἐξ
575 367 686 432 αὐτῶν
709 388 797 443 τινες
821 369 899 444 τούς
922 367 1058 454 ὁμοτέρ-

50 497 144 559 μονας
170 473 296 559 ἀγροὺς
323 474 388 541 ὑπὸ
416 484 484 539 τῶν
513 475 667 539 δυνατῶν
695 472 974 559 ἀποστελλόμενοι
1001 473 1057 540 καί

49 583 152 650 πολλάΙ
180 585 261 659 τοὺς
295 584 466 667 γεωργοὺς
497 591 565 646 τῶν
592 576 762 665 Ῥωμαίων
795 583 973 664 ἔβλαπτον·
1020 581 1057 658 ὃς

49 687 150 772 ἐπειδή
181 689 244 772 τήν
272 689 392 772 κοινήν
421 688 569 754 σύνοδον
593 690 679 772 ἔγνω
702 697 769 752 τῶν
792 690 922 752 πόλεων
944 711 1056 771 γιγνο-

49 793 142 879 μένην
166 793 219 861 έπλ
243 803 290 884 τῷ
310 797 493 879 διενεγκεῖν
512 794 639 872 ἁπάσας
657 795 719 878 τήν
737 791 812 880 περὶ
830 804 891 860 τοῦ
909 792 1083 880 πολέμουῡ

49 910 170 986 ψήφου,
204 902 318 968 ἐλθὼν
348 900 401 968 ἐπὶ
428 903 487 968 τὸν
516 903 682 986 σύλλογον
710 900 765 967 καὶ
792 905 895 986 λόγον
923 903 1057 986 αίτησά-

49 1032 138 1092 μενος
166 1010 259 1095 παρὰ
285 1019 354 1074 τῶν
376 1007 552 1096 προέδρων
575 1007 699 1090 ἐλεξεν,
729 1008 779 1072 ότι
802 1010 972 1092 πεμφθείη
996 1004 1057 1092 μὲν

48 1116 104 1181 ὑπὸ
130 1125 188 1200 τής
216 1109 345 1193 πόλεως
372 1115 577 1202 πρεσβευτής
603 1115 687 1201 πρὸς
709 1116 767 1192 τδις
790 1113 1058 1193 ἀποστελλούσας

16 1223 81 1285 ιιῖιδ
106 1202 274 1308 ληστήριαζ
301 1224 414 1300 πόλεις
442 1223 644 1306 δεησόμενος
671 1220 782 1286 αὐτῶν
811 1223 891 1298 τοὺς
918 1220 1058 1307 ἐνόχους

46 1339 106 1406 τοῖς
133 1329 337 1414 ἀδικήμασιν
366 1327 565 1414 ἐξευρούσας
593 1327 751 1394 ἐκδοῦναι
774 1330 875 1412 σφίσι
897 1331 1057 1414 τιμωρίας
1071 1347 1097 1387 ω

47 1434 224 1519 ὑφέξοντας
246 1417 330 1501 κατὰ
353 1436 412 1501 τὸν
429 1438 547 1520 νόμον,
572 1433 612 1500 δν
631 1432 668 1500 έν
686 1444 757 1511 ταῖς
776 1437 962 1518 συνθήκαις
980 1435 1057 1520 ὥρι-

47 1557 110 1625 σαν,
134 1543 190 1607 ὅτε
215 1546 433 1609 συνετίθεντο
457 1542 519 1626 τήν
543 1543 670 1624 φιλίαν,
694 1538 749 1606 καὶ
767 1542 805 1607 τδ
825 1541 943 1606 λοιπὸν
961 1539 1057 1619 ἀξιῶ·

47 1665 106 1713 σων
133 1648 331 1734 φυλάττειν,
361 1647 417 1713 ἵνα
445 1644 550 1732 μηδὲν
574 1647 748 1733 ἁμάρτημα
771 1645 906 1730 γένηται
928 1649 1055 1730 κοινόν,

47 1753 60 1818 δ
82 1757 253 1839 διαστήσει
275 1757 337 1839 τήν
360 1778 395 1820 τε
419 1757 536 1839 φιλίαν
559 1753 670 1819 αὐτῶν
692 1751 748 1818 καὶ
769 1754 830 1838 τήν
848 1752 1056 1837 συγγένειαν.

46 1860 126 1947 ὁρῶν
158 1857 190 1926 δ’
229 1861 358 1938 ἁπάσας
391 1865 661 1944 συνεληλυθυίας
692 1862 750 1937 τὰς
781 1863 893 1937 πόλεις
925 1859 978 1926 ἐπὶ
1010 1841 1097 1956 τῷᾷ,

46 1969 117 2032 κατὰ
135 1963 312 2051 Ῥωμαίων
339 1965 472 2055 πολέμῳ
500 1964 556 2032 καὶ
583 1964 673 2032 τοῦτ’
697 1965 733 2032 ἐκ
759 1972 893 2032 πολλῶν
918 1965 979 2053 μὲν
1002 1964 1057 2033 καὶ

45 2075 146 2140 ἀλλων
164 2075 514 2162 καταλαμβανόμενος,
534 2074 676 2158 μάλιστα
695 2069 726 2137 δ’
750 2074 798 2139 ότι
810 2071 980 2158 Ῥωμαίοις
999 2076 1057 2158 μό-

44 2204 107 2258 νοις
140 2181 182 2246 οὐ
214 2183 443 2266 παρήγγειλαν
476 2178 529 2245 ἐπὶ
556 2181 618 2264 τήν
647 2179 773 2266 ἀγοράν
801 2191 970 2266 παρεῖναι,
1004 2204 1057 2264 γε-

44 2286 231 2373 γραμμένον
264 2287 301 2352 ἐν
333 2297 405 2364 ταῖς
437 2289 624 2370 συνθήκαις
657 2285 785 2364 ἁπάσας
815 2297 970 2371 παρεῖναι
999 2287 1058 2363 τδις

43 2397 146 2472 πόλεις
179 2404 254 2470 ταῖς
280 2402 409 2469 κοιναῖς
437 2391 589 2478 ἀγοραῖς,
623 2393 699 2458 ὅσαι
725 2402 786 2458 τοῦ
808 2395 966 2457 Λατίνων
992 2389 1056 2458 είσδ
1070 2411 1097 2450 20

43 2500 170 2585 γένους,
199 2499 497 2586 παραγγειλάντων
525 2499 639 2576 αὐταῖς
662 2511 729 2564 τῶν
751 2498 941 2585 προέδρων,
970 2505 1056 2564 θαυ-

44 2607 164 2692 μάζειν,
193 2609 229 2671 τί
255 2608 379 2690 δήποτε
407 2607 574 2682 παθόντες
601 2605 622 2689 ή
650 2608 685 2670 τί
705 2617 902 2690 κατηγορεῖν
926 2608 1057 2691 ἔχοντες

44 2722 94 2796 τής
119 2717 250 2792 πόλεως
277 2714 312 2779 οί
333 2713 492 2798 σύνεδροι
515 2715 623 2797 μόνην
647 2713 688 2778 οὐ
711 2711 901 2799 παρέλαβον
924 2713 1056 2798 ἐκείνην

45 2817 91 2884 ἐπὶ
113 2823 174 2887 τὸν
199 2821 379 2904 σύλλογον,
403 2819 447 2904 ήν
470 2820 605 2904 πρώτην
627 2843 662 2885 τε
681 2830 798 2884 πασῶν
817 2821 884 2885 ἐδει
902 2833 1056 2904 παρεῖναι

15 2925 94 2990 »auat
112 2930 250 3014 πρώτην
270 2926 461 3010 ἐρωτᾶσθαι
479 2926 617 3010 γνώμην
635 2925 816 3010 ήγεμονιάν
835 2929 978 3011 ἔχουσαν
996 2935 1056 2992 τοῦ
1071 2943 1097 2984 2⁵

45 3035 179 3119 ἔθνους,
210 3029 250 3118 ής
283 3036 377 3118 ἔτυχε
403 3029 481 3118 παρ’
509 3033 620 3097 αὐτῶν
648 3029 793 3098 ἑκόντων
821 3031 895 3097 ἀντὶ
922 3038 1056 3099 πολλῶν

45 3138 94 3203 καὶ
116 3141 272 3226 μεγάλων
295 3140 502 3226 εὐεργεσιῶν.

111 3257 338 3331 λέλήστευονΒ
412 3259 622 3386 θληστήριαΒ
694 3266 727 3314 10
745 3262 877 3330 τιμωρίας
895 3257 966 3314 τδΒ
1022 3268 1056 3317 13

46 3333 139 3387 καινὸν
159 3351 181 3388 c.
202 3333 325 3402 Sylburg
398 3333 469 3386 153
502 3329 656 3393 ἁπάσαςΟ
730 3336 762 3386 19
783 3331 968 3405 ουνθηκ<εσ>
986 3331 1054 3404 Βῶή

47 3399 206 3477 ἁπάσ<αι>ο
225 3404 330 3458 intas,
351 3423 361 3457 ι
379 3401 438 3457 Ιίδῖτ
456 3402 502 3456 Bb
559 3408 591 3456 21
611 3401 772 3472 θαυμάζειν
791 3401 846 3473 ἔφη
865 3402 966 3457 Portus
1021 3411 1055 3460 23

47 3473 171 3548 μόν<η>ν
188 3475 212 3528 Β
