<?xml version="1.0" encoding="UTF-8"?>
<!DOCTYPE html PUBLIC "-//W3C//DTD XHTML 1.0 Transitional//EN"
    "http://www.w3.org/TR/xhtml1/DTD/xhtml1-transitional.dtd">
<html xmlns="http://www.w3.org/1999/xhtml" xml:lang="en" lang="en">
 <head>
  <title>
</title>
<meta http-equiv="Content-Type" content="text/html;charset=utf-8" />
  <meta name='ocr-system' content='tesseract 3.04.00' />
  <meta name='ocr-capabilities' content='ocr_page ocr_carea ocr_par ocr_line ocrx_word'/>
</head>
<body>
  <div class='ocr_page' id='page_1' title='image "./antiquitatumrom01jacogoog_0265.png"; bbox 0 0 2384 3902; ppageno 0'>
   <div class='ocr_carea' id='block_1_1' title="bbox 132 196 736 263">
    <p class='ocr_par' dir='ltr' id='par_1_1' title="bbox 132 196 736 263">
     <span class='ocr_line' id='line_1_1' title="bbox 132 196 736 263; baseline 0 -2"><span class='ocrx_word' id='word_1_1' title='bbox 132 196 211 263; x_wconf 67' lang='lat'><strong><em>‘254</em></strong></span> <span class='ocrx_word' id='word_1_2' title='bbox 570 199 736 248; x_wconf 71' lang='grc' dir='ltr'><strong><em>-Ε-</em></strong></span> 
     </span>
    </p>
   </div>
   <div class='ocr_carea' id='block_1_2' title="bbox 52 353 1181 3100">
    <p class='ocr_par' dir='ltr' id='par_1_2' title="bbox 52 353 1181 3100">
     <span class='ocr_line' id='line_1_2' title="bbox 108 353 1145 444; baseline -0.003 -19"><span class='ocrx_word' id='word_1_3' title='bbox 108 361 332 444; x_wconf 84' lang='grc' dir='ltr'><strong><em>2φιλόσοφος</em></strong></span> <span class='ocrx_word' id='word_1_4' title='bbox 354 356 409 423; x_wconf 84' lang='grc' dir='ltr'><strong><em>καὶ</em></strong></span> <span class='ocrx_word' id='word_1_5' title='bbox 432 359 600 435; x_wconf 83' lang='grc' dir='ltr'><strong><em>πολιτικὸς</em></strong></span> <span class='ocrx_word' id='word_1_6' title='bbox 622 357 719 442; x_wconf 87' lang='grc' dir='ltr'><strong><em>άνήρ,</em></strong></span> <span class='ocrx_word' id='word_1_7' title='bbox 742 356 937 442; x_wconf 78' lang='grc' dir='ltr'><em>συγγράφω.</em></span> <span class='ocrx_word' id='word_1_8' title='bbox 975 356 1079 434; x_wconf 84' lang='grc' dir='ltr'><strong><em>εὐθὺς</em></strong></span> <span class='ocrx_word' id='word_1_9' title='bbox 1097 353 1145 441; x_wconf 64' lang='grc' dir='ltr'><strong><em>μὲν</em></strong></span> 
     </span>
     <span class='ocr_line' id='line_1_3' title="bbox 145 460 1144 553; baseline -0.004 -23"><span class='ocrx_word' id='word_1_10' title='bbox 145 460 207 530; x_wconf 80' lang='grc' dir='ltr'><strong><em>οὖν</em></strong></span> <span class='ocrx_word' id='word_1_11' title='bbox 230 465 297 549; x_wconf 80' lang='grc' dir='ltr'><strong><em>ἅμα</em></strong></span> <span class='ocrx_word' id='word_1_12' title='bbox 319 472 366 553; x_wconf 77' lang='grc' dir='ltr'><strong><em>τῷ</em></strong></span> <span class='ocrx_word' id='word_1_13' title='bbox 388 466 594 550; x_wconf 77' lang='grc' dir='ltr'><strong><em>παραλαβεῖν</em></strong></span> <span class='ocrx_word' id='word_1_14' title='bbox 616 465 679 547; x_wconf 89' lang='grc' dir='ltr'><strong><em>τήν</em></strong></span> <span class='ocrx_word' id='word_1_15' title='bbox 702 463 869 545; x_wconf 80' lang='grc' dir='ltr'><strong><em>ἐξουσίαν,</em></strong></span> <span class='ocrx_word' id='word_1_16' title='bbox 895 462 1064 547; x_wconf 72' lang='grc' dir='ltr'><strong><em>ἱππάρχην</em></strong></span> <span class='ocrx_word' id='word_1_17' title='bbox 1080 462 1144 526; x_wconf 83' lang='grc' dir='ltr'><strong><em>άπο-</em></strong></span> 
     </span>
     <span class='ocr_line' id='line_1_4' title="bbox 145 569 1144 655; baseline -0.004 -19"><span class='ocrx_word' id='word_1_18' title='bbox 145 573 294 636; x_wconf 86' lang='grc' dir='ltr'><strong><em>δείκνυσι</em></strong></span> <span class='ocrx_word' id='word_1_19' title='bbox 308 573 461 655; x_wconf 85' lang='grc' dir='ltr'><strong><em>Σπόριον</em></strong></span> <span class='ocrx_word' id='word_1_20' title='bbox 474 569 638 654; x_wconf 86' lang='grc' dir='ltr'><strong><em>Κάσσιον,</em></strong></span> <span class='ocrx_word' id='word_1_21' title='bbox 660 571 720 636; x_wconf 84' lang='grc' dir='ltr'><strong><em>τὸν</em></strong></span> <span class='ocrx_word' id='word_1_22' title='bbox 743 570 976 635; x_wconf 78' lang='grc' dir='ltr'><strong><em>ὑπατεύσαντα</em></strong></span> <span class='ocrx_word' id='word_1_23' title='bbox 999 570 1080 633; x_wconf 82' lang='grc' dir='ltr'><strong><em>κατὰ</em></strong></span> <span class='ocrx_word' id='word_1_24' title='bbox 1096 569 1144 651; x_wconf 87' lang='grc' dir='ltr'><strong><em>τήν</em></strong></span> 
     </span>
     <span class='ocr_line' id='line_1_5' title="bbox 144 672 1140 763; baseline -0.004 -20"><span class='ocrx_word' id='word_1_25' title='bbox 144 676 394 763; x_wconf 78' lang='grc' dir='ltr'><strong><em>ἑβδομηκοστήν</em></strong></span> <span class='ocrx_word' id='word_1_26' title='bbox 417 676 614 760; x_wconf 75' lang='grc' dir='ltr'><strong><em>ὀλυμπιάδα.</em></strong></span> <span class='ocrx_word' id='word_1_27' title='bbox 651 684 750 742; x_wconf 88' lang='grc' dir='ltr'><strong><em>τοῦτο</em></strong></span> <span class='ocrx_word' id='word_1_28' title='bbox 773 676 811 741; x_wconf 89' lang='grc' dir='ltr'><strong><em>τὸ</em></strong></span> <span class='ocrx_word' id='word_1_29' title='bbox 831 677 911 753; x_wconf 79' lang='grc' dir='ltr'><strong><em>ἔθος</em></strong></span> <span class='ocrx_word' id='word_1_30' title='bbox 931 674 995 752; x_wconf 80' lang='grc' dir='ltr'><strong><em>ἕως</em></strong></span> <span class='ocrx_word' id='word_1_31' title='bbox 1012 684 1069 758; x_wconf 79' lang='grc' dir='ltr'><strong><em>τῆς</em></strong></span> <span class='ocrx_word' id='word_1_32' title='bbox 1084 672 1140 739; x_wconf 87' lang='grc' dir='ltr'><strong><em>κατ’</em></strong></span> 
     </span>
     <span class='ocr_line' id='line_1_6' title="bbox 117 778 1143 868; baseline -0.005 -18"><span class='ocrx_word' id='word_1_33' title='bbox 117 779 201 868; x_wconf 67' lang='grc' dir='ltr'><strong><em>ὁέμδ</em></strong></span> <span class='ocrx_word' id='word_1_34' title='bbox 228 792 345 868; x_wconf 81' lang='grc' dir='ltr'><strong><em>γενεᾶς</em></strong></span> <span class='ocrx_word' id='word_1_35' title='bbox 372 782 572 867; x_wconf 75' lang='grc' dir='ltr'><strong><em>ἐφυλάττετο</em></strong></span> <span class='ocrx_word' id='word_1_36' title='bbox 596 783 661 849; x_wconf 85' lang='grc' dir='ltr'><strong><em>ὑπὸ</em></strong></span> <span class='ocrx_word' id='word_1_37' title='bbox 680 778 866 867; x_wconf 88' lang='grc' dir='ltr'><strong><em>Ῥωμαίων,</em></strong></span> <span class='ocrx_word' id='word_1_38' title='bbox 894 779 950 848; x_wconf 82' lang='grc' dir='ltr'><strong><em>καὶ</em></strong></span> <span class='ocrx_word' id='word_1_39' title='bbox 975 779 1090 858; x_wconf 78' lang='grc' dir='ltr'><strong><em>οὐθεὶς</em></strong></span> <span class='ocrx_word' id='word_1_40' title='bbox 1109 783 1143 857; x_wconf 80' lang='grc' dir='ltr'><strong><em>εἰς</em></strong></span> 
     </span>
     <span class='ocr_line' id='line_1_7' title="bbox 142 886 1142 975; baseline -0.003 -21"><span class='ocrx_word' id='word_1_41' title='bbox 142 891 220 955; x_wconf 89' lang='grc' dir='ltr'><strong><em>τόδε</em></strong></span> <span class='ocrx_word' id='word_1_42' title='bbox 249 892 375 974; x_wconf 84' lang='grc' dir='ltr'><strong><em>χρόνον</em></strong></span> <span class='ocrx_word' id='word_1_43' title='bbox 405 890 567 974; x_wconf 78' lang='grc' dir='ltr'><strong><em>δικτάτωρ</em></strong></span> <span class='ocrx_word' id='word_1_44' title='bbox 598 886 746 975; x_wconf 82' lang='grc' dir='ltr'><strong><em>αίρεθεὶς</em></strong></span> <span class='ocrx_word' id='word_1_45' title='bbox 772 886 874 973; x_wconf 79' lang='grc' dir='ltr'><strong><em>χωρὶς</em></strong></span> <span class='ocrx_word' id='word_1_46' title='bbox 901 887 1070 972; x_wconf 73' lang='grc' dir='ltr'><strong><em>ἱππάρχου</em></strong></span> <span class='ocrx_word' id='word_1_47' title='bbox 1095 887 1142 975; x_wconf 87' lang='grc' dir='ltr'><strong><em>τήν</em></strong></span> 
     </span>
     <span class='ocr_line' id='line_1_8' title="bbox 144 993 1142 1079; baseline -0.003 -19"><span class='ocrx_word' id='word_1_48' title='bbox 144 994 250 1079; x_wconf 86' lang='grc' dir='ltr'><strong><em>άρχήν</em></strong></span> <span class='ocrx_word' id='word_1_49' title='bbox 274 994 465 1061; x_wconf 87' lang='grc' dir='ltr'><strong><em>διετέλεσεν.</em></strong></span> <span class='ocrx_word' id='word_1_50' title='bbox 504 998 615 1060; x_wconf 83' lang='grc' dir='ltr'><strong><em>ἔπειτα</em></strong></span> <span class='ocrx_word' id='word_1_51' title='bbox 636 1004 695 1079; x_wconf 79' lang='grc' dir='ltr'><strong><em>τῆς</em></strong></span> <span class='ocrx_word' id='word_1_52' title='bbox 717 994 869 1073; x_wconf 80' lang='grc' dir='ltr'><strong><em>ἐξουσίας</em></strong></span> <span class='ocrx_word' id='word_1_53' title='bbox 891 994 930 1058; x_wconf 86' lang='grc' dir='ltr'><strong><em>τὸ</em></strong></span> <span class='ocrx_word' id='word_1_54' title='bbox 954 994 1075 1078; x_wconf 89' lang='grc' dir='ltr'><strong><em>κράτος</em></strong></span> <span class='ocrx_word' id='word_1_55' title='bbox 1091 993 1142 1058; x_wconf 82' lang='grc' dir='ltr'><strong><em>ἐτι-</em></strong></span> 
     </span>
     <span class='ocr_line' id='line_1_9' title="bbox 144 1099 1179 1185; baseline 0.001 -20"><span class='ocrx_word' id='word_1_56' title='bbox 144 1100 248 1180; x_wconf 75' lang='grc' dir='ltr'><strong><em>δείξαι</em></strong></span> <span class='ocrx_word' id='word_1_57' title='bbox 262 1100 444 1185; x_wconf 79' lang='grc' dir='ltr'><strong><em>βουληθεὶς</em></strong></span> <span class='ocrx_word' id='word_1_58' title='bbox 462 1101 544 1166; x_wconf 82' lang='grc' dir='ltr'><strong><em>ὅσον</em></strong></span> <span class='ocrx_word' id='word_1_59' title='bbox 563 1101 643 1184; x_wconf 90' lang='grc' dir='ltr'><strong><em>ἐστί,</em></strong></span> <span class='ocrx_word' id='word_1_60' title='bbox 657 1100 887 1184; x_wconf 81' lang='grc' dir='ltr'><strong><em>καταπλήξεως</em></strong></span> <span class='ocrx_word' id='word_1_61' title='bbox 904 1105 1035 1185; x_wconf 76' lang='grc' dir='ltr'><strong><em>μᾶλλον</em></strong></span> <span class='ocrx_word' id='word_1_62' title='bbox 1048 1099 1068 1184; x_wconf 83' lang='grc' dir='ltr'><strong><em>ή</em></strong></span> <span class='ocrx_word' id='word_1_63' title='bbox 1081 1103 1179 1184; x_wconf 61' lang='grc' dir='ltr'><strong><em>χρή-θλ</em></strong></span> 
     </span>
     <span class='ocr_line' id='line_1_10' title="bbox 144 1205 1144 1292; baseline -0.001 -20"><span class='ocrx_word' id='word_1_64' title='bbox 144 1224 226 1286; x_wconf 91' lang='grc' dir='ltr'><strong><em>σεως</em></strong></span> <span class='ocrx_word' id='word_1_65' title='bbox 243 1207 341 1274; x_wconf 72' lang='grc' dir='ltr'><strong><em>ἕνεκα</em></strong></span> <span class='ocrx_word' id='word_1_66' title='bbox 359 1218 429 1285; x_wconf 79' lang='grc' dir='ltr'><strong><em>τοῖς</em></strong></span> <span class='ocrx_word' id='word_1_67' title='bbox 447 1206 649 1292; x_wconf 80' lang='grc' dir='ltr'><strong><em>ῥαβδούχοις</em></strong></span> <span class='ocrx_word' id='word_1_68' title='bbox 667 1205 841 1272; x_wconf 86' lang='grc' dir='ltr'><strong><em>ἐκέλευσεν</em></strong></span> <span class='ocrx_word' id='word_1_69' title='bbox 859 1208 926 1290; x_wconf 81' lang='grc' dir='ltr'><strong><em>ἅμα</em></strong></span> <span class='ocrx_word' id='word_1_70' title='bbox 939 1216 1013 1283; x_wconf 84' lang='grc' dir='ltr'><strong><em>ταίς</em></strong></span> <span class='ocrx_word' id='word_1_71' title='bbox 1027 1208 1144 1290; x_wconf 77' lang='grc' dir='ltr'><strong><em>δεσμαῖς</em></strong></span> 
     </span>
     <span class='ocr_line' id='line_1_11' title="bbox 105 1311 1143 1401; baseline -0.005 -21"><span class='ocrx_word' id='word_1_72' title='bbox 105 1333 131 1372; x_wconf 91' lang='lat'><strong><em>10</em></strong></span> <span class='ocrx_word' id='word_1_73' title='bbox 143 1325 211 1380; x_wconf 80' lang='grc' dir='ltr'><strong><em>τῶν</em></strong></span> <span class='ocrx_word' id='word_1_74' title='bbox 243 1311 378 1401; x_wconf 79' lang='grc' dir='ltr'><strong><em>ῥάβδων</em></strong></span> <span class='ocrx_word' id='word_1_75' title='bbox 409 1316 489 1390; x_wconf 87' lang='grc' dir='ltr'><strong><em>τοὺς</em></strong></span> <span class='ocrx_word' id='word_1_76' title='bbox 519 1311 667 1391; x_wconf 76' lang='grc' dir='ltr'><strong><em>πελέκεις</em></strong></span> <span class='ocrx_word' id='word_1_77' title='bbox 699 1315 755 1378; x_wconf 86' lang='grc' dir='ltr'><strong><em>διὰ</em></strong></span> <span class='ocrx_word' id='word_1_78' title='bbox 786 1323 845 1398; x_wconf 80' lang='grc' dir='ltr'><strong><em>τῆς</em></strong></span> <span class='ocrx_word' id='word_1_79' title='bbox 874 1317 1004 1390; x_wconf 86' lang='grc' dir='ltr'><strong><em>πόλεως</em></strong></span> <span class='ocrx_word' id='word_1_80' title='bbox 1031 1312 1143 1398; x_wconf 80' lang='grc' dir='ltr'><strong><em>φέρειν·</em></strong></span> 
     </span>
     <span class='ocr_line' id='line_1_12' title="bbox 144 1416 1142 1506; baseline -0.004 -20"><span class='ocrx_word' id='word_1_81' title='bbox 144 1424 225 1498; x_wconf 85' lang='grc' dir='ltr'><strong><em>ἐθος</em></strong></span> <span class='ocrx_word' id='word_1_82' title='bbox 246 1421 425 1506; x_wconf 70' lang='grc' dir='ltr'><strong><em>ἐπιχώριον</em></strong></span> <span class='ocrx_word' id='word_1_83' title='bbox 447 1417 509 1504; x_wconf 71' lang='grc' dir='ltr'><strong><em>μέν</em></strong></span> <span class='ocrx_word' id='word_1_84' title='bbox 527 1430 597 1497; x_wconf 74' lang='grc' dir='ltr'><strong><em>τοῖς</em></strong></span> <span class='ocrx_word' id='word_1_85' title='bbox 615 1423 820 1504; x_wconf 84' lang='grc' dir='ltr'><strong><em>βασιλεῦσιν,</em></strong></span> <span class='ocrx_word' id='word_1_86' title='bbox 845 1417 1025 1506; x_wconf 71' lang='grc' dir='ltr'><strong><em>ἐκλειφθὲν</em></strong></span> <span class='ocrx_word' id='word_1_87' title='bbox 1044 1416 1075 1484; x_wconf 88' lang='grc' dir='ltr'><strong><em>δ’</em></strong></span> <span class='ocrx_word' id='word_1_88' title='bbox 1092 1419 1142 1484; x_wconf 78' lang='grc' dir='ltr'><strong><em>ὑπὸ</em></strong></span> 
     </span>
     <span class='ocr_line' id='line_1_13' title="bbox 143 1522 1143 1612; baseline -0.001 -21"><span class='ocrx_word' id='word_1_89' title='bbox 143 1539 210 1592; x_wconf 83' lang='grc' dir='ltr'><strong><em>τῶν</em></strong></span> <span class='ocrx_word' id='word_1_90' title='bbox 236 1527 389 1612; x_wconf 83' lang='grc' dir='ltr'><strong><em>ὑπάτων,</em></strong></span> <span class='ocrx_word' id='word_1_91' title='bbox 418 1527 450 1606; x_wconf 85' lang='grc' dir='ltr'><strong><em>ἐξ</em></strong></span> <span class='ocrx_word' id='word_1_92' title='bbox 480 1522 521 1592; x_wconf 84' lang='grc' dir='ltr'><strong><em>οὗ</em></strong></span> <span class='ocrx_word' id='word_1_93' title='bbox 546 1525 729 1609; x_wconf 78' lang='grc' dir='ltr'><strong><em>Οὐαλέριος</em></strong></span> <span class='ocrx_word' id='word_1_94' title='bbox 751 1530 965 1603; x_wconf 85' lang='grc' dir='ltr'><strong><em>Ποπλικόλας</em></strong></span> <span class='ocrx_word' id='word_1_95' title='bbox 989 1525 1007 1591; x_wconf 90' lang='grc' dir='ltr'>ὁ</span> <span class='ocrx_word' id='word_1_96' title='bbox 1031 1537 1143 1609; x_wconf 84' lang='grc' dir='ltr'><strong><em>πρῶτος</em></strong></span> 
     </span>
     <span class='ocr_line' id='line_1_14' title="bbox 142 1623 1143 1719; baseline 0 -23"><span class='ocrx_word' id='word_1_97' title='bbox 142 1623 330 1711; x_wconf 81' lang='grc' dir='ltr'><strong><em>ὑπατεύσας</em></strong></span> <span class='ocrx_word' id='word_1_98' title='bbox 353 1633 489 1719; x_wconf 83' lang='grc' dir='ltr'><strong><em>ἐμείωσε</em></strong></span> <span class='ocrx_word' id='word_1_99' title='bbox 512 1635 572 1699; x_wconf 89' lang='grc' dir='ltr'><strong><em>τὸν</em></strong></span> <span class='ocrx_word' id='word_1_100' title='bbox 595 1635 732 1717; x_wconf 85' lang='grc' dir='ltr'><strong><em>φθόνον</em></strong></span> <span class='ocrx_word' id='word_1_101' title='bbox 750 1641 807 1717; x_wconf 79' lang='grc' dir='ltr'><strong><em>τῆς</em></strong></span> <span class='ocrx_word' id='word_1_102' title='bbox 826 1633 938 1718; x_wconf 81' lang='grc' dir='ltr'><strong><em>ἀρχῆς,</em></strong></span> <span class='ocrx_word' id='word_1_103' title='bbox 963 1633 1062 1709; x_wconf 83' lang='grc' dir='ltr'><strong><em>αὐτὸς</em></strong></span> <span class='ocrx_word' id='word_1_104' title='bbox 1080 1633 1143 1696; x_wconf 84' lang='grc' dir='ltr'><strong><em>ἀνι-</em></strong></span> 
     </span>
     <span class='ocr_line' id='line_1_15' title="bbox 107 1735 1144 1827; baseline 0.001 -25"><span class='ocrx_word' id='word_1_105' title='bbox 107 1739 361 1822; x_wconf 80' lang='grc' dir='ltr'><strong><em>3νεωσάμονος.</em></strong></span> <span class='ocrx_word' id='word_1_106' title='bbox 412 1738 703 1824; x_wconf 79' lang='grc' dir='ltr'><strong><em>καταπληξάμενος</em></strong></span> <span class='ocrx_word' id='word_1_107' title='bbox 734 1735 772 1804; x_wconf 76' lang='grc' dir='ltr'><strong><em>δέ</em></strong></span> <span class='ocrx_word' id='word_1_108' title='bbox 803 1740 910 1827; x_wconf 75' lang='grc' dir='ltr'><strong><em>τούτῳ</em></strong></span> <span class='ocrx_word' id='word_1_109' title='bbox 939 1763 977 1804; x_wconf 90' lang='grc' dir='ltr'><strong><em>τε</em></strong></span> <span class='ocrx_word' id='word_1_110' title='bbox 1006 1736 1144 1812; x_wconf 77' lang='grc' dir='ltr'><strong><em>καὶτοῖς</em></strong></span> 
     </span>
     <span class='ocr_line' id='line_1_16' title="bbox 103 1837 1144 1932; baseline -0.002 -23"><span class='ocrx_word' id='word_1_111' title='bbox 103 1863 129 1902; x_wconf 79' lang='lat'><strong><em>1⁵</em></strong></span> <span class='ocrx_word' id='word_1_112' title='bbox 144 1845 258 1921; x_wconf 86' lang='grc' dir='ltr'><strong><em>άλλοις</em></strong></span> <span class='ocrx_word' id='word_1_113' title='bbox 272 1848 454 1930; x_wconf 79' lang='grc' dir='ltr'><strong><em>συμβόλοις</em></strong></span> <span class='ocrx_word' id='word_1_114' title='bbox 466 1855 524 1931; x_wconf 82' lang='grc' dir='ltr'><strong><em>τῆς</em></strong></span> <span class='ocrx_word' id='word_1_115' title='bbox 538 1849 710 1930; x_wconf 76' lang='grc' dir='ltr'><strong><em>βασιλικῆς</em></strong></span> <span class='ocrx_word' id='word_1_116' title='bbox 723 1844 902 1932; x_wconf 75' lang='grc' dir='ltr'><strong><em>ἡγεμονίας</em></strong></span> <span class='ocrx_word' id='word_1_117' title='bbox 915 1837 996 1923; x_wconf 89' lang='grc' dir='ltr'><strong><em>τοὺς</em></strong></span> <span class='ocrx_word' id='word_1_118' title='bbox 1008 1866 1144 1930; x_wconf 81' lang='grc' dir='ltr'><strong><em>ταρακτι</em></strong></span> 
     </span>
     <span class='ocr_line' id='line_1_17' title="bbox 144 1949 1143 2038; baseline -0.001 -23"><span class='ocrx_word' id='word_1_119' title='bbox 144 1953 225 2028; x_wconf 85' lang='grc' dir='ltr'><strong><em>κούς</em></strong></span> <span class='ocrx_word' id='word_1_120' title='bbox 246 1949 302 2016; x_wconf 84' lang='grc' dir='ltr'><strong><em>καὶ</em></strong></span> <span class='ocrx_word' id='word_1_121' title='bbox 324 1953 552 2038; x_wconf 86' lang='grc' dir='ltr'><strong><em>νεωτεριστάς,</em></strong></span> <span class='ocrx_word' id='word_1_122' title='bbox 574 1953 612 2017; x_wconf 88' lang='grc' dir='ltr'><strong><em>τὸ</em></strong></span> <span class='ocrx_word' id='word_1_123' title='bbox 630 1952 807 2037; x_wconf 87' lang='grc' dir='ltr'><strong><em>κράτιστον</em></strong></span> <span class='ocrx_word' id='word_1_124' title='bbox 825 1962 892 2018; x_wconf 84' lang='grc' dir='ltr'><strong><em>τῶν</em></strong></span> <span class='ocrx_word' id='word_1_125' title='bbox 910 1951 976 2017; x_wconf 84' lang='grc' dir='ltr'><strong><em>ὑπὸ</em></strong></span> <span class='ocrx_word' id='word_1_126' title='bbox 991 1953 1143 2035; x_wconf 83' lang='grc' dir='ltr'><strong><em>Σερουΐου</em></strong></span> 
     </span>
     <span class='ocr_line' id='line_1_18' title="bbox 56 2056 1143 2143; baseline -0.003 -20"><span class='ocrx_word' id='word_1_127' title='bbox 56 2059 61 2068; x_wconf 77' lang='grc'><strong>’</strong></span> <span class='ocrx_word' id='word_1_128' title='bbox 150 2060 294 2123; x_wconf 70' lang='grc' dir='ltr'><strong><em>Τυλλίου</em></strong></span> <span class='ocrx_word' id='word_1_129' title='bbox 321 2067 382 2124; x_wconf 85' lang='grc' dir='ltr'><strong><em>τοῦ</em></strong></span> <span class='ocrx_word' id='word_1_130' title='bbox 406 2058 675 2143; x_wconf 77' lang='grc' dir='ltr'><strong><em>δημοτικωτάτου</em></strong></span> <span class='ocrx_word' id='word_1_131' title='bbox 698 2056 860 2141; x_wconf 88' lang='grc' dir='ltr'><strong><em>βασιλέως</em></strong></span> <span class='ocrx_word' id='word_1_132' title='bbox 882 2057 1143 2123; x_wconf 76' lang='grc' dir='ltr'><strong><em>κατασταθέντων</em></strong></span> 
     </span>
     <span class='ocr_line' id='line_1_19' title="bbox 141 2159 1143 2250; baseline -0.002 -22"><span class='ocrx_word' id='word_1_133' title='bbox 141 2167 310 2249; x_wconf 88' lang='grc' dir='ltr'><strong><em>νομίμων,</em></strong></span> <span class='ocrx_word' id='word_1_134' title='bbox 348 2175 480 2250; x_wconf 78' lang='grc' dir='ltr'><strong><em>πρῶτον</em></strong></span> <span class='ocrx_word' id='word_1_135' title='bbox 515 2162 647 2242; x_wconf 79' lang='grc' dir='ltr'><strong><em>ἐπέταξε</em></strong></span> <span class='ocrx_word' id='word_1_136' title='bbox 679 2173 816 2247; x_wconf 87' lang='grc' dir='ltr'><strong><em>ποιήσαι</em></strong></span> <span class='ocrx_word' id='word_1_137' title='bbox 843 2159 1017 2248; x_wconf 89' lang='grc' dir='ltr'><strong><em>Ῥωμαίοις</em></strong></span> <span class='ocrx_word' id='word_1_138' title='bbox 1046 2163 1143 2242; x_wconf 86' lang='grc' dir='ltr'><strong><em>άπασι,</em></strong></span> 
     </span>
     <span class='ocr_line' id='line_1_20' title="bbox 141 2267 1143 2356; baseline -0.003 -21"><span class='ocrx_word' id='word_1_139' title='bbox 141 2267 292 2356; x_wconf 81' lang='grc' dir='ltr'><strong><em>τιμήσεις</em></strong></span> <span class='ocrx_word' id='word_1_140' title='bbox 314 2271 396 2335; x_wconf 85' lang='grc' dir='ltr'><strong><em>κατά</em></strong></span> <span class='ocrx_word' id='word_1_141' title='bbox 419 2272 528 2355; x_wconf 84' lang='grc' dir='ltr'><strong><em>φυλάς</em></strong></span> <span class='ocrx_word' id='word_1_142' title='bbox 550 2279 618 2335; x_wconf 76' lang='grc' dir='ltr'><strong><em>τῶν</em></strong></span> <span class='ocrx_word' id='word_1_143' title='bbox 639 2272 724 2353; x_wconf 85' lang='grc' dir='ltr'><strong><em>βίων</em></strong></span> <span class='ocrx_word' id='word_1_144' title='bbox 743 2269 901 2353; x_wconf 82' lang='grc' dir='ltr'><strong><em>ἐνεγκεῖν,</em></strong></span> <span class='ocrx_word' id='word_1_145' title='bbox 923 2269 1143 2354; x_wconf 84' lang='grc' dir='ltr'><strong><em>προσγράφον-</em></strong></span> 
     </span>
     <span class='ocr_line' id='line_1_21' title="bbox 104 2373 1143 2460; baseline -0.001 -20"><span class='ocrx_word' id='word_1_146' title='bbox 104 2395 130 2434; x_wconf 77' lang='lat'><strong><em>20</em></strong></span> <span class='ocrx_word' id='word_1_147' title='bbox 145 2399 203 2453; x_wconf 90' lang='grc' dir='ltr'><strong><em>τας</em></strong></span> <span class='ocrx_word' id='word_1_148' title='bbox 226 2388 395 2460; x_wconf 81' lang='grc' dir='ltr'><strong><em>γυναικῶν</em></strong></span> <span class='ocrx_word' id='word_1_149' title='bbox 417 2399 453 2441; x_wconf 90' lang='grc' dir='ltr'><strong><em>τε</em></strong></span> <span class='ocrx_word' id='word_1_150' title='bbox 474 2374 530 2442; x_wconf 81' lang='grc' dir='ltr'><strong><em>καὶ</em></strong></span> <span class='ocrx_word' id='word_1_151' title='bbox 548 2377 679 2441; x_wconf 88' lang='grc' dir='ltr'><strong><em>παίδων</em></strong></span> <span class='ocrx_word' id='word_1_152' title='bbox 698 2377 845 2460; x_wconf 87' lang='grc' dir='ltr'><strong><em>ὀνόματα</em></strong></span> <span class='ocrx_word' id='word_1_153' title='bbox 863 2374 919 2440; x_wconf 80' lang='grc' dir='ltr'><strong><em>καὶ</em></strong></span> <span class='ocrx_word' id='word_1_154' title='bbox 936 2374 1066 2458; x_wconf 85' lang='grc' dir='ltr'><strong><em>ήλικίας</em></strong></span> <span class='ocrx_word' id='word_1_155' title='bbox 1082 2373 1143 2439; x_wconf 87' lang='grc' dir='ltr'><strong><em>ἑαυ-</em></strong></span> 
     </span>
     <span class='ocr_line' id='line_1_22' title="bbox 52 2479 1143 2570; baseline -0.001 -24"><span class='ocrx_word' id='word_1_156' title='bbox 52 2517 58 2530; x_wconf 87' lang='lat'><strong>·</strong></span> <span class='ocrx_word' id='word_1_157' title='bbox 106 2485 212 2547; x_wconf 83' lang='grc' dir='ltr'><strong><em>4τῶν</em></strong></span> <span class='ocrx_word' id='word_1_158' title='bbox 234 2505 270 2547; x_wconf 87' lang='grc' dir='ltr'><strong><em>τε</em></strong></span> <span class='ocrx_word' id='word_1_159' title='bbox 292 2480 348 2547; x_wconf 80' lang='grc' dir='ltr'><strong><em>καὶ</em></strong></span> <span class='ocrx_word' id='word_1_160' title='bbox 369 2481 503 2548; x_wconf 90' lang='grc' dir='ltr'><strong><em>τέκνων.</em></strong></span> <span class='ocrx_word' id='word_1_161' title='bbox 542 2482 578 2547; x_wconf 85' lang='grc' dir='ltr'><strong><em>έν</em></strong></span> <span class='ocrx_word' id='word_1_162' title='bbox 602 2482 703 2570; x_wconf 75' lang='grc' dir='ltr'><strong><em>ὀλίγῳ</em></strong></span> <span class='ocrx_word' id='word_1_163' title='bbox 727 2479 764 2547; x_wconf 75' lang='grc' dir='ltr'><strong><em>δὲ</em></strong></span> <span class='ocrx_word' id='word_1_164' title='bbox 783 2485 893 2570; x_wconf 79' lang='grc' dir='ltr'><strong><em>χρόνῳ</em></strong></span> <span class='ocrx_word' id='word_1_165' title='bbox 912 2483 1048 2548; x_wconf 90' lang='grc' dir='ltr'><strong><em>πάντων</em></strong></span> <span class='ocrx_word' id='word_1_166' title='bbox 1064 2504 1143 2566; x_wconf 87' lang='grc' dir='ltr'><strong><em>τιμη-</em></strong></span> 
     </span>
     <span class='ocr_line' id='line_1_23' title="bbox 143 2586 1142 2675; baseline -0.001 -21"><span class='ocrx_word' id='word_1_167' title='bbox 143 2587 299 2673; x_wconf 86' lang='grc' dir='ltr'><strong><em>σαμένων</em></strong></span> <span class='ocrx_word' id='word_1_168' title='bbox 331 2590 387 2654; x_wconf 83' lang='grc' dir='ltr'><strong><em>διὰ</em></strong></span> <span class='ocrx_word' id='word_1_169' title='bbox 415 2590 453 2654; x_wconf 89' lang='grc' dir='ltr'><strong><em>τδ</em></strong></span> <span class='ocrx_word' id='word_1_170' title='bbox 481 2586 624 2672; x_wconf 84' lang='grc' dir='ltr'><strong><em>μέγεθος</em></strong></span> <span class='ocrx_word' id='word_1_171' title='bbox 652 2597 711 2672; x_wconf 79' lang='grc' dir='ltr'><strong><em>τῆς</em></strong></span> <span class='ocrx_word' id='word_1_172' title='bbox 736 2593 907 2675; x_wconf 86' lang='grc' dir='ltr'><strong><em>τιμωρίας·</em></strong></span> <span class='ocrx_word' id='word_1_173' title='bbox 944 2591 1007 2674; x_wconf 87' lang='grc' dir='ltr'><strong><em>τήν</em></strong></span> <span class='ocrx_word' id='word_1_174' title='bbox 1033 2613 1068 2654; x_wconf 88' lang='grc' dir='ltr'><strong><em>τε</em></strong></span> <span class='ocrx_word' id='word_1_175' title='bbox 1090 2589 1142 2672; x_wconf 85' lang='grc' dir='ltr'><strong><em>γάρ</em></strong></span> 
     </span>
     <span class='ocr_line' id='line_1_24' title="bbox 128 2693 1142 2780; baseline -0.002 -21"><span class='ocrx_word' id='word_1_176' title='bbox 128 2695 263 2760; x_wconf 73' lang='grc' dir='ltr'><strong><em>ὀὐσίαν</em></strong></span> <span class='ocrx_word' id='word_1_177' title='bbox 287 2693 446 2761; x_wconf 82' lang='grc' dir='ltr'><strong><em>άπολέσαι</em></strong></span> <span class='ocrx_word' id='word_1_178' title='bbox 463 2698 543 2773; x_wconf 83' lang='grc' dir='ltr'><strong><em>τοὺς</em></strong></span> <span class='ocrx_word' id='word_1_179' title='bbox 561 2695 809 2780; x_wconf 69' lang='grc' dir='ltr'><strong><em>ἀπειθήσαντας</em></strong></span> <span class='ocrx_word' id='word_1_180' title='bbox 827 2697 895 2762; x_wconf 78' lang='grc' dir='ltr'><strong><em>ἔδει</em></strong></span> <span class='ocrx_word' id='word_1_181' title='bbox 914 2694 971 2761; x_wconf 78' lang='grc' dir='ltr'><strong><em>καί</em></strong></span> <span class='ocrx_word' id='word_1_182' title='bbox 987 2697 1050 2780; x_wconf 88' lang='grc' dir='ltr'><strong><em>τήν</em></strong></span> <span class='ocrx_word' id='word_1_183' title='bbox 1064 2698 1142 2760; x_wconf 78' lang='grc' dir='ltr'><strong><em>πολι</em></strong></span> 
     </span>
     <span class='ocr_line' id='line_1_25' title="bbox 141 2796 1141 2888; baseline -0.001 -23"><span class='ocrx_word' id='word_1_184' title='bbox 141 2802 249 2866; x_wconf 89' lang='grc' dir='ltr'><strong><em>τείαν·</em></strong></span> <span class='ocrx_word' id='word_1_185' title='bbox 283 2799 491 2878; x_wconf 83' lang='grc' dir='ltr'><strong><em>ἑπτακοσίοις</em></strong></span> <span class='ocrx_word' id='word_1_186' title='bbox 512 2805 649 2879; x_wconf 88' lang='grc' dir='ltr'><strong><em>πλείους</em></strong></span> <span class='ocrx_word' id='word_1_187' title='bbox 671 2801 860 2888; x_wconf 79' lang='grc' dir='ltr'><strong><em>εὑρέθησαν</em></strong></span> <span class='ocrx_word' id='word_1_188' title='bbox 882 2803 919 2867; x_wconf 88' lang='grc' dir='ltr'><strong><em>οί</em></strong></span> <span class='ocrx_word' id='word_1_189' title='bbox 938 2801 976 2868; x_wconf 85' lang='grc' dir='ltr'><strong><em>ἐν</em></strong></span> <span class='ocrx_word' id='word_1_190' title='bbox 999 2803 1064 2888; x_wconf 80' lang='grc' dir='ltr'><strong><em>ήβχ</em></strong></span> <span class='ocrx_word' id='word_1_191' title='bbox 1079 2796 1141 2864; x_wconf 89' lang='grc' dir='ltr'><strong><em>Ῥω-</em></strong></span> 
     </span>
     <span class='ocr_line' id='line_1_26' title="bbox 100 2909 1181 2994; baseline 0 -24"><span class='ocrx_word' id='word_1_192' title='bbox 100 2929 126 2970; x_wconf 78' lang='grc' dir='ltr'><strong><em>ω</em></strong></span> <span class='ocrx_word' id='word_1_193' title='bbox 141 2919 234 2991; x_wconf 87' lang='grc' dir='ltr'><strong><em>μαίοι</em></strong></span> <span class='ocrx_word' id='word_1_194' title='bbox 261 2909 496 2973; x_wconf 88' lang='grc' dir='ltr'><strong><em>πεντεκαίδεκα</em></strong></span> <span class='ocrx_word' id='word_1_195' title='bbox 523 2909 706 2994; x_wconf 91' lang='grc' dir='ltr'><strong><em>μυριάδων.</em></strong></span> <span class='ocrx_word' id='word_1_196' title='bbox 751 2909 832 2993; x_wconf 82' lang='grc' dir='ltr'><strong><em>μετὰ</em></strong></span> <span class='ocrx_word' id='word_1_197' title='bbox 858 2917 958 2974; x_wconf 79' lang='grc' dir='ltr'><strong><em>τοῦτο</em></strong></span> <span class='ocrx_word' id='word_1_198' title='bbox 985 2910 1181 2994; x_wconf 64' lang='grc' dir='ltr'><strong><em>διακρίνας10’&lt;</em></strong></span> 
     </span>
     <span class='ocr_line' id='line_1_27' title="bbox 140 3015 1139 3100; baseline -0.003 -20"><span class='ocrx_word' id='word_1_199' title='bbox 140 3019 219 3092; x_wconf 82' lang='grc' dir='ltr'><strong><em>τοὺς</em></strong></span> <span class='ocrx_word' id='word_1_200' title='bbox 242 3017 379 3100; x_wconf 82' lang='grc' dir='ltr'><strong><em>ἔχοντας</em></strong></span> <span class='ocrx_word' id='word_1_201' title='bbox 401 3015 463 3098; x_wconf 86' lang='grc' dir='ltr'><strong><em>τήν</em></strong></span> <span class='ocrx_word' id='word_1_202' title='bbox 485 3017 729 3100; x_wconf 87' lang='grc' dir='ltr'><strong><em>στρατεύσιμον</em></strong></span> <span class='ocrx_word' id='word_1_203' title='bbox 751 3015 883 3098; x_wconf 89' lang='grc' dir='ltr'><strong><em>ήλικίαν</em></strong></span> <span class='ocrx_word' id='word_1_204' title='bbox 906 3015 971 3081; x_wconf 85' lang='grc' dir='ltr'><strong><em>άπὸ</em></strong></span> <span class='ocrx_word' id='word_1_205' title='bbox 994 3025 1062 3081; x_wconf 78' lang='grc' dir='ltr'><strong><em>τῶν</em></strong></span> <span class='ocrx_word' id='word_1_206' title='bbox 1078 3035 1139 3098; x_wconf 88' lang='grc' dir='ltr'><strong><em>πρε-</em></strong></span> 
     </span>
    </p>
   </div>
   <div class='ocr_carea' id='block_1_3' title="bbox 141 3238 1135 3523">
    <p class='ocr_par' dir='ltr' id='par_1_3' title="bbox 141 3238 1135 3523">
     <span class='ocr_line' id='line_1_28' title="bbox 191 3238 1135 3318; baseline -0.002 -26"><span class='ocrx_word' id='word_1_207' title='bbox 191 3248 224 3318; x_wconf 37' lang='grc'><strong><em>·1</em></strong></span> <span class='ocrx_word' id='word_1_208' title='bbox 246 3240 319 3309; x_wconf 83' lang='grc' dir='ltr'><strong><em>ἀνήρ</em></strong></span> <span class='ocrx_word' id='word_1_209' title='bbox 339 3238 522 3309; x_wconf 80' lang='grc' dir='ltr'><strong><em>δειχθήσεται</em></strong></span> <span class='ocrx_word' id='word_1_210' title='bbox 539 3241 565 3294; x_wconf 91' lang='grc' dir='ltr'><strong>Α</strong></span> <span class='ocrx_word' id='word_1_211' title='bbox 596 3242 668 3313; x_wconf 81' lang='grc' dir='ltr'><strong><em>ἀνὴρ</em></strong></span> <span class='ocrx_word' id='word_1_212' title='bbox 688 3241 876 3313; x_wconf 85' lang='grc' dir='ltr'><strong><em>ουγγράφωΒ</em></strong></span> <span class='ocrx_word' id='word_1_213' title='bbox 909 3240 1061 3313; x_wconf 84' lang='grc' dir='ltr'><strong><em>συγγράφω</em></strong></span> <span class='ocrx_word' id='word_1_214' title='bbox 1075 3241 1135 3295; x_wconf 70' lang='lat' dir='ltr'>delet</span> 
     </span>
     <span class='ocr_line' id='line_1_29' title="bbox 141 3307 1135 3433; baseline 0.004 -75"><span class='ocrx_word' id='word_1_215' title='bbox 141 3307 213 3394; x_wconf 58' lang='grc' dir='ltr'><strong><em>Βακχί</em></strong></span> <span class='ocrx_word' id='word_1_216' title='bbox 231 3311 296 3375; x_wconf 71' lang='grc' dir='ltr'><strong><em>ροετ</em></strong></span> <span class='ocrx_word' id='word_1_217' title='bbox 314 3309 386 3378; x_wconf 83' lang='grc' dir='ltr'><strong><em>ἀνήρ</em></strong></span> <span class='ocrx_word' id='word_1_218' title='bbox 406 3310 487 3433; x_wconf 54' lang='lat' dir='ltr'>signo</span> <span class='ocrx_word' id='word_1_219' title='bbox 506 3310 701 3381; x_wconf 75' lang='lat' dir='ltr'>interrogandi</span> <span class='ocrx_word' id='word_1_220' title='bbox 719 3312 813 3382; x_wconf 80' lang='lat' dir='ltr'>posito</span> <span class='ocrx_word' id='word_1_221' title='bbox 833 3311 898 3368; x_wconf 80' lang='lat' dir='ltr'>Obs.</span> <span class='ocrx_word' id='word_1_222' title='bbox 917 3331 945 3382; x_wconf 89' lang='lat' dir='ltr'><strong><em>p.</em></strong></span> <span class='ocrx_word' id='word_1_223' title='bbox 968 3321 1003 3403; x_wconf 58' lang='lat'><strong><em>143</em></strong></span> <span class='ocrx_word' id='word_1_224' title='bbox 1069 3319 1098 3366; x_wconf 74' lang='lat'><strong><em>12</em></strong></span> <span class='ocrx_word' id='word_1_225' title='bbox 1112 3309 1135 3362; x_wconf 81' lang='grc' dir='ltr'><strong><em>ιδ</em></strong></span> 
     </span>
     <span class='ocr_line' id='line_1_30' title="bbox 141 3378 1134 3523; baseline 0.015 -32"><span class='ocrx_word' id='word_1_226' title='bbox 141 3378 426 3502; x_wconf 71' lang='grc' dir='ltr'><strong><em>τιατιαι.</em></strong></span> <span class='ocrx_word' id='word_1_227' title='bbox 445 3380 1086 3523; x_wconf 58' lang='grc' dir='ltr'><strong><em>ιιι·ιι..τιατιιιννν</em></strong></span> <span class='ocrx_word' id='word_1_228' title='bbox 1100 3379 1134 3433; x_wconf 57' lang='grc' dir='ltr'><strong><em>ν</em></strong></span> 
     </span>
    </p>
   </div>
   <div class='ocr_carea' id='block_1_4' title="bbox 0 0 1196 3896">
    <p class='ocr_par' dir='ltr' id='par_1_4' title="bbox 0 0 1196 3896">
     <span class='ocr_line' id='line_1_31' title="bbox 0 0 1196 3896; baseline 0 0"><span class='ocrx_word' id='word_1_229' title='bbox 0 0 1196 3896; x_wconf 95' lang='lat' dir='ltr'><strong><em> </em></strong></span> 
     </span>
    </p>
   </div>
  </div>
 </body>
</html>
