2384 3902
442 181 609 272 ..Ε’-

28 337 189 422 διεξιέναι,
222 337 302 425 μηδ’
329 345 363 404 εί
388 363 420 404 τι
448 342 629 425 πολίτευμα
656 341 760 406 καλὸν
788 339 843 406 καὶ
872 343 1036 427 σωτήριον

27 457 91 522 ταῖς
116 449 254 512 πόλεσιν
284 445 499 524 ἀπεδείξαντο
528 439 732 532 ἐξευρόντες,
765 446 848 512 ἀλλὰ
875 445 931 512 καὶ
958 450 1036 524 τοὺς

28 554 114 634 βίους
143 552 272 637 αὐτῶν,
305 554 337 617 εί
362 551 490 639 μέτριοι
517 551 573 618 καὶ
601 554 775 639 σώφρονες
801 551 857 619 καὶ
880 552 1037 637 μένοντες

28 655 73 721 ἐπὶ
94 668 164 736 τοῖς
187 662 341 744 πατρίοις
364 658 601 743 ἐπιτηδεύμασι
625 657 828 743 διετέλεσαν,
852 658 1071 726 ἐπιδείκνυ-2

28 771 109 830 σθαι.
156 763 285 843 ἐκεῖνος
306 767 425 830 τοίνυν
449 764 467 830 ὁ
491 765 576 852 ἀνὴρ
600 766 851 849 συγκαταλύσας
874 761 935 850 μὲν
958 768 1063 842 τοὺςε

28 873 166 954 βασιλεῖς
196 871 233 937 ἐν
264 881 334 948 τοῖς
357 871 501 958 πρώτοις
523 870 673 958 τέτταρσι
695 875 879 957 πατρικίοις
901 870 957 940 καὶ
980 873 1037 955 δη-

29 979 144 1062 μεύσας
168 978 281 1043 αὐτῶν
304 979 363 1056 τὰς
385 977 551 1065 ὑπάρξεις,
574 978 722 1064 τετράκις
746 975 783 1043 δὲ
803 987 862 1062 τῆς
880 978 1039 1062 ὑπατικῆς

29 1083 173 1162 ἐξουσίας
196 1087 379 1170 γενόμενος
401 1086 532 1171 κύριος,
556 1088 732 1169 μεγίστους
755 1079 791 1148 δὲ
816 1085 878 1149 δύο
902 1087 1039 1169 νικήσας

27 1190 186 1277 πολέμους
218 1188 274 1256 καὶ
306 1191 497 1277 θριάμβους
525 1191 722 1274 καταγαγὼν
746 1186 801 1255 ἀπ’
828 1189 1038 1275 ἀμφοτέρων,

27 1297 78 1361 τὸν
107 1294 171 1383 μὲν
199 1308 334 1383 πρῶτον
363 1297 427 1362 ἀπὸ
455 1306 517 1362 τοῦ
544 1301 728 1383 Τυρρηνῶν
752 1299 890 1380 ἔθνους,
918 1298 978 1362 τὸν
1002 1294 1039 1363 δὲ
1054 1317 1080 1356 10

29 1403 180 1489 δεύτερον
199 1400 264 1467 ἀπὸ
280 1404 453 1485 Σαβίνων,
475 1402 630 1479 τοιαύτας
644 1400 797 1487 ἀφορμάς
810 1413 1039 1488 χρηματισμοῦ

29 1510 143 1592 λαβών,
168 1507 208 1585 ἀς
231 1505 344 1585 οὐδεὶς
365 1506 407 1574 ἀν
427 1508 471 1584 ὡς
490 1489 627 1592 αίσχρδις
645 1505 699 1572 καὶ
720 1507 855 1584 ἀδίκους
875 1508 1038 1593 διέβαλεν,

30 1615 82 1698 οὐχ
110 1613 197 1680 ἑάλω
227 1623 267 1700 τῇ
290 1614 418 1692 πάντας
442 1614 645 1699 ἀνθρώπους
667 1616 961 1702 καταδουλουμένῃ
985 1615 1038 1682 καὶ

30 1720 225 1807 ἀσχημονεῖν
259 1721 491 1807 ἀναγκαζούσῃ
522 1724 781 1809 φιλοχρηματίᾳ·
818 1720 891 1786 ἀλλ’
920 1721 973 1788 ἐπὶ
1000 1732 1039 1808 τῇ

30 1836 121 1916 μικρᾷ
154 1826 211 1892 καὶ
243 1829 528 1915 πατροπαραδότῳ
558 1827 724 1912 διέμεινεν
752 1828 851 1915 οὐσίᾳ
879 1830 1040 1916 σώφρονα
1055 1847 1080 1889 15

7 1933 78 1999 mal
100 1935 250 2021 αὐτάρκη
273 1933 330 2000 καὶ
353 1935 461 2018 πάσης
480 1934 661 2019 ἐπιθυμίας
678 1938 851 2021 κρείττονα
869 1938 945 2018 βίον
966 1940 1040 2019 ζῶν,

30 2039 76 2105 καὶ
105 2043 229 2118 παῖδας
256 2038 310 2105 ἐπὶ
338 2052 408 2118 τοῖς
439 2041 565 2124 ὀλίγοις
592 2043 757 2126 χρήμασιν
786 2040 952 2128 ἐθρέψατο
979 2051 1040 2107 τοῦ

30 2148 141 2230 γένους
164 2146 293 2230 ἀξίους,
317 2145 373 2212 καὶ
398 2149 502 2231 δῆλον
526 2146 681 2232 ἐποίησεν
704 2149 843 2231 ἅπασιν,
866 2149 917 2213 ὅτι
939 2150 1041 2212 πλού-

32 2258 95 2332 σιός
126 2254 218 2320 ἐστιν
249 2254 311 2340 ούχ
340 2253 358 2320 ὁ
387 2256 494 2320 πολλά
521 2252 734 2339 κεκτημένος,
767 2250 838 2318 ἀλλ’
866 2253 883 2319 δ
911 2265 1039 2340 μικρῶν

32 2362 191 2445 δεόμενος.
238 2365 347 2440 πίστις
386 2357 416 2426 δ’
453 2360 591 2447 ἀκριβὴς
622 2357 678 2425 καὶ
711 2359 953 2452 ἀναμφίλεκτος
984 2341 1081 2456 τῆςὲο

32 2468 220 2554 αὐταρκείας
252 2476 313 2533 τοῦ
347 2468 487 2553 ἀνδρός,
519 2467 563 2551 ἣν
594 2465 786 2546 ἀπεδείξατο
819 2469 908 2553 παρὰ
934 2469 1042 2534 πάντα

32 2575 84 2638 τὸν
105 2585 167 2641 τοῦ
191 2576 269 2659 βίου
293 2577 428 2661 χρόνον,
453 2573 473 2657 ἡ
497 2575 578 2659 μετὰ
600 2576 659 2640 τὸν
682 2575 833 2638 θάνατον
856 2575 959 2641 αὐτοῦ
979 2600 1041 2661 φα-

32 2692 118 2745 νεῖσα
147 2681 280 2768 ἀπορία.
328 2677 408 2746 οὐδὲ
435 2681 499 2767 γάρ
527 2680 612 2746 αὐτὰ
638 2682 679 2745 τά
706 2682 753 2757 είς
780 2682 841 2765 τὴν
864 2681 1043 2770 ἐκκομιδὴν

34 2789 256 2873 τοῦσώματος
275 2784 330 2852 καὶ
350 2788 472 2871 ταφήν,
496 2780 544 2852 ὧν
563 2783 662 2872 ἀνδρὶ
681 2789 841 2872 προσήκει
858 2789 1041 2878 τηλικούτῳ

34 2887 152 2979 τυχεῖν,
181 2894 350 2981 ἀρκοῦντα
378 2892 415 2959 ἐν
442 2904 513 2970 τοῖς
534 2893 721 2979 ὑπάρχουσι
743 2891 930 2960 κατέλιπεν·
968 2894 1038 2961 ἀλλ’
1057 2931 1082 2972 2⁵

35 2998 210 3086 ἐμέλλησαν
234 3000 339 3066 αὐτὸν
358 3000 393 3066 οί
414 3010 586 3084 συγγενεῖς
604 3001 741 3084 φαύλως
759 3023 828 3079 ποις
846 3001 902 3066 καλ
920 3002 964 3079 ὡς
983 3001 1043 3066 ἕνα

98 3167 113 3215 3
133 3155 331 3215 ἐπιδεικνύναι
353 3176 375 3213 ο.
395 3157 553 3227 Kiessling'
603 3166 636 3214 10
655 3156 687 3212 δὲ
706 3174 759 3212 om.
780 3159 802 3210 B
865 3165 896 3212 11
917 3159 1042 3214 ἀπὸτοῦ

36 3231 159 3302 Σαβίνων
178 3248 202 3286 e.
222 3228 328 3284 Reiske
345 3233 349 3301 Ι
365 3231 603 3301 χρηματισμῶνΒ
670 3235 701 3284 15
725 3227 948 3302 διέμειν<ε>νΒ
1010 3236 1042 3285 18

37 3300 111 3364 ἀξίως
134 3319 158 3360 ο.
178 3301 341 3371 Stephanus
363 3307 367 3370 Ι
389 3304 491 3370 δηλον
511 3300 533 3352 Β
610 3306 644 3354 20
664 3299 832 3370 δεησόμενος
850 3299 873 3355 0
911 3299 1044 3371 δεόμενος

37 3368 186 3504 {tephanus
216 3444 227 3497 l
272 3378 308 3426 24
331 3368 370 3427 ὦν
394 3371 471 3426 ABG
512 3372 551 3426 ὡν
570 3371 617 3426 Ba
663 3373 698 3434 ὡς
722 3371 809 3426 editio
833 3371 1044 3442 Kiesslingiana

55 3460 100 3502 ιε.
120 3445 215 3498 Bfiche
229 3460 259 3498 er

82 3542 179 3585 mom.
194 3544 261 3584 En.
273 3543 305 3584 11.
327 3554 366 3583 τυ.
380 3543 481 3600 «hcm.
851 3537 883 3585 14
