2384 3902
564 191 729 242 ,Ε-

135 352 235 416 λοιπδι
258 353 339 437 ἔργα
361 349 650 436 παρακληθέντες,
674 355 758 435 βίων
781 347 842 436 μὲν
866 354 1083 434 σπανίζοντες,
1102 353 1132 416 τά

136 453 173 524 δέ
206 459 339 543 σώματα
370 456 427 523 καλ
457 460 516 535 τὰς
547 458 669 542 ψυχάς,
707 457 727 522 ἃ
760 462 846 542 μόνα
878 468 997 545 περιῆν
1029 458 1131 542 αὐτοῖς,

135 563 281 649 ἀφειδῶς
310 566 357 642 εἰς
386 567 465 643 τοὺς
493 562 570 651 περί
598 565 700 650 αὐτῆς
726 566 910 643 κινδύνους
938 565 1132 642 ἐπιδιδόντες.

135 673 199 755 ἔφη
230 667 266 736 δὲ
293 677 458 737 τελευτῶν
486 671 530 749 ὡς
553 673 585 736 εἰ
604 669 661 736 καί
684 668 791 757 μηδὲν
813 671 1009 759 ἐπεχείρουν
1032 673 1131 738 ἐκείνοι

107 786 289 855 ετοιοῦτον
307 776 362 844 ὑπ’
382 781 541 864 αἰσχύνης
559 779 781 865 κρατούμενοι
800 778 922 862 λέγειν,
945 777 1030 865 μηδὲ
1048 779 1131 863 ἀπαγ-

132 883 280 967 γέλλειν,
311 887 391 962 τοὺς
422 889 616 971 πατρικίους
643 884 744 971 ἐχρῆν
771 887 935 970 λογισμὸν
962 887 1023 952 τὸν
1048 903 1131 972 προσ-

132 994 257 1075 ήκοντα
283 990 360 1077 περὶ
387 993 499 1058 αὐτῶν
527 994 706 1075 λαβόντας,
735 986 784 1058 ὧν
814 990 941 1078 ᾔδεσαν
969 992 1130 1078 δεομένους

132 1096 189 1163 καί
220 1107 316 1183 κοινῆ
349 1097 405 1164 καί
435 1096 514 1165 καθ’
545 1098 605 1164 ἕνα
633 1098 787 1182 ἕκαστον,
819 1097 911 1164 ταῦτ’
945 1098 980 1178 ἐξ
1016 1098 1130 1183 ἑτοίμου

131 1208 341 1290 χαρίζεσθαι,
369 1204 658 1290 ἐνθυμουμένους,
690 1205 740 1270 ότι
767 1215 903 1290 πρᾶγμα
930 1205 1129 1292 ὑπερήφανον

93 1337 119 1377 10
132 1321 290 1378 ποιοῦσιν
320 1314 489 1390 αἰτοῦντες
516 1309 578 1396 μὲν
601 1307 678 1398 παρ’
701 1311 839 1378 ἐκείνων
862 1297 902 1376 τά
926 1313 1072 1397 σώματα,
1097 1313 1129 1396 μή

131 1422 341 1504 χαριζόμενοι
368 1413 400 1484 δ’
426 1418 541 1494 αὐτοίς
567 1419 608 1483 τὰ
634 1420 800 1503 χρήματα,
828 1415 884 1483 καί
912 1417 1063 1502 λε’γοντες
1082 1414 1129 1502 μὲν

130 1527 214 1611 πρὸς
236 1527 400 1607 ἅπαντας,
424 1524 476 1589 ότι
497 1532 555 1608 τῆς
577 1532 692 1608 κοινῆς
715 1522 910 1608 ἐλευθερίας
934 1523 1031 1589 ἕνεκα
1050 1529 1130 1589 πολε-

131 1641 243 1716 μοῦσι,
259 1643 327 1697 τῶν
341 1629 379 1697 δέ
393 1629 757 1715 συγκατακτησαμένων
772 1630 878 1714 αὐτήν
893 1629 1128 1717 ἀφαιρούμενοι,

131 1739 173 1803 οὐ
195 1740 362 1823 πονηρίαν
385 1741 517 1822 ἔχοντες
540 1737 654 1813 αὐτοῖς
678 1737 868 1820 ὀνειδίζειν,
891 1734 965 1803 ἀλλ’
993 1738 1170 1823 άπορίαν,1υἰ

92 1867 118 1908 15
132 1843 175 1927 ήν
199 1846 421 1929 οἰκτείρεσθαι
444 1847 572 1927 μᾶλλον
595 1842 616 1926 ή
640 1849 812 1926 μισεῖσθαι
835 1851 991 1928 προσῆκε.

197 1950 311 2016 LXVI.
348 1955 492 2016 Τοιαῦτα
514 1959 575 2016 τοῦ
600 1949 788 2035 Οὐαλερίου
811 1948 969 2033 λέγοντος
990 1948 1042 2016 καί
1065 1954 1127 2014 πολ-

131 2063 199 2124 λῶν
227 2059 288 2142 τήν
316 2059 453 2143 γνώμην
477 2056 705 2126 ἐπαινούντων
720 2055 862 2134 ’Ἁππιος
884 2058 1052 2133 Κλαύδιος
1073 2060 1126 2119 Σα-

130 2169 225 2250 βῖνος
248 2164 285 2229 ἐν
307 2173 353 2252 τῷ
376 2167 580 2250 προσήκοντι
602 2161 739 2246 κληθεὶς
756 2167 847 2251 τόπῳ
866 2163 1024 2230 τάναντία
1040 2159 1125 2247 παρή-

130 2297 181 2338 νει
206 2273 386 2355 διδάσκων,
410 2272 461 2336 ότι
483 2273 520 2336 τὸ
545 2271 722 2349 στασιάζον
741 2271 802 2335 οὐκ
821 2270 1066 2356 ἐξαιρεθήσεται
1082 2277 1125 2352 τῆς

90 2399 116 2440 ιο
129 2383 271 2462 πόλεως,
303 2378 361 2444 ἐάν
393 2380 607 2463 ψηφίσωνται
640 2387 748 2462 χρεῶν
778 2377 963 2462 ἀποκοπάς,
996 2376 1064 2442 ἀλλ’
1090 2378 1125 2440 ἔτι

129 2489 357 2572 πονηρότερον
394 2487 486 2549 ἐσται
521 2479 686 2569 μεταχθὲν
719 2483 782 2548 ἀπὸ
815 2495 883 2549 τῶν
914 2487 1064 2568 πενήτων
1091 2483 1125 2557 εἰς

94 2594 209 2669 2τοὺς
238 2591 409 2678 εὐπόρους.
457 2592 561 2674 δῆλον
589 2591 653 2674 γάρ
685 2589 725 2672 δή
754 2598 857 2654 πᾶσιν
886 2590 1061 2677 ὑπάρχειν,
1088 2590 1124 2654 ότι

129 2703 278 2782 χαλεπῶς
297 2705 450 2765 οἰσουσιν
469 2697 505 2763 οἰ
520 2695 696 2781 μέλλοντες
714 2695 972 2781 ἀποστερεῖσθαι
986 2709 1053 2764 τῶν
1064 2717 1124 2782 χρη·

129 2806 243 2891 μάτων
265 2809 401 2871 πολῖταί
419 2802 450 2869 τ’
478 2807 571 2881 όντες
593 2803 649 2868 καί
672 2802 815 2888 ἐπίτιμοι
832 2801 888 2868 καὶ
906 2805 1014 2882 πάσας
1032 2804 1124 2888 ἐστρα·

88 2933 114 2974 25
128 2912 283 2997 τευμένοι
304 2913 362 2989 τάς
385 2910 606 2995 ἐπιβαλούσας
628 2905 712 2994 ὑπὲρ
736 2917 794 2993 τῆς
816 2911 943 2987 πόλεως
962 2912 1122 2996 στρατείας,

200 3042 215 3089 3
236 3029 381 3096 ἐπιδόντες
398 3032 422 3085 Β
503 3039 520 3086 4
538 3029 614 3102 *ἔφη
637 3051 667 3086 τε
691 3029 778 3102 λέγων
797 3033 849 3088 ΑΒ
885 3039 1021 3089 τελευτῶν
1040 3030 1067 3086 δ’
1081 3029 1121 3098 ἔφη

128 3124 151 3161 ο.
170 3105 314 3174 Kiessling
386 3103 562 3174 ὅτοιοῦτον]
581 3103 687 3159 τούτων
706 3104 730 3156 Β
747 3112 750 3172 Ι
767 3100 947 3175 ἐπαγγέλλειν
966 3103 1067 3158 Reiske
1110 3105 1121 3152 ό
1163 3157 1164 3168 ρ

127 3176 177 3229 τὸν
196 3175 374 3245 προσήκοντα
392 3175 522 3244 λογισμὸν
542 3179 564 3228 0
583 3173 737 3242 praeterB
797 3174 904 3230 8καθ’
922 3171 965 3231 ἐν’
982 3169 1121 3230 ἓκαστονθ

128 3246 241 3310 praeter
264 3247 285 3297 B
367 3251 400 3297 10
419 3244 583 3310 ποιήσουσιν
608 3244 630 3297 Ο
674 3253 804 3300 ποιοῦσιν
829 3246 952 3302 Sintenin
976 3246 1035 3299 Em.
1057 3243 1120 3297 Dion.

129 3311 156 3362 ΙΙ
174 3315 229 3378 231
246 3313 282 3380 μή
301 3331 354 3368 om.
374 3313 421 3366 Ba
489 3320 522 3368 13
542 3312 890 3386 συ<γ>κατακτηοαμένων
908 3316 931 3369 Β
1006 3322 1037 3370 15
1054 3329 1121 3381 προσ·

132 3377 195 3442 ήκε.
214 3379 259 3433 Ba
285 3390 407 3449 προσῆκε
426 3383 503 3436 ABb
568 3391 600 3438 19
616 3382 873 3456 ἐξ<αι>ρεθήσεται
927 3393 962 3441 25
977 3382 1121 3458 ἐπιβούλους

133 3443 167 3504 ἃς
185 3446 336 3517 Βωξόπέρ
355 3459 403 3518 τῆς
420 3451 566 3514 πόλεωςΒ
603 3464 635 3526 τῆ
654 3455 733 3510 πόλει
751 3456 776 3508 R
1162 3473 1163 3517 λ
