2394 3912
476 231 638 282 ..ς-

49 392 107 457 ούκ
139 391 302 477 ἀξιοῦμεν
335 388 415 458 ούδέ
447 401 624 458 κοινωνεῖν
658 395 705 457 ἐτι
732 401 790 476 τῆς
817 395 961 476 πόλεως,
994 386 1066 458 ἀλλ’

48 498 287 584 ἐπιμενοῦμεν,
319 499 396 565 ὅκοι
428 495 501 564 κοτ’
530 497 573 564 διν
604 496 690 583 ἡμᾶς
716 501 780 584 ἀγη
808 500 845 564 τὸ
874 499 997 584 χρεών,
1028 507 1068 584 τῇ

47 607 126 692 τύχη
150 604 210 672 καὶ
234 607 392 690 δαίμοσιν
416 605 651 692 ἐπιτρέψαντες
674 605 842 690 ἡγεμόσιν.
884 607 916 671 εί
938 602 969 670 δ’
997 605 1068 670 ἀδι-

47 713 205 797 κούμενοι
232 714 317 798 πρὸς
344 713 439 797 ὑμῶν
467 713 589 795 ταύτης
616 711 855 797 ἠναγκάσμεθα
883 720 941 795 τῆς
968 713 1068 796 τύχης

11 825 263 904 ιοιτειρυθῆναι,
287 819 324 886 ἐν
347 810 368 904 ᾗ
393 822 505 904 ἐσμεν,
527 821 563 883 τί
583 818 644 903 ούχ
669 818 859 903 ὁμολογεῖτε
877 817 973 884 κακοὶ
990 817 1093 905 ιτερλὸ

47 925 128 1009 ἡμᾶς
156 924 256 991 αὐτοὶ
283 928 462 1011 γενόμενοι
490 927 688 1009 συγγνώμης
717 926 852 990 δεῖσθαι
880 923 937 990 καὶ
964 924 1068 1010 ἀμνη-

48 1035 151 1111 στίας;
175 1042 243 1098 νῦν
261 1030 309 1116 δ’,
331 1033 375 1116 ἣν
394 1033 554 1116 αἰτεῖσθε,
571 1033 697 1115 ταύτην
716 1032 849 1097 διδόναι
868 1030 988 1115 λέγετε,
1011 1030 1068 1097 καὶ

47 1131 83 1220 ἧς
104 1137 272 1222 ἀφεῖσθαι
297 1143 419 1223 ζητεῖτε
443 1139 555 1225 ὀργῆς,
579 1138 702 1221 ταύτης
724 1137 770 1214 ὡς
792 1136 945 1221 ἀφιέντες
968 1161 1067 1223 μεγα-

48 1248 230 1331 ληγορεῖτε,
254 1241 451 1330 συγχέοντες
469 1245 531 1328 την
550 1253 608 1328 της
627 1243 786 1327 ἀληθείας
805 1242 984 1327 φύσινκαὶ
1003 1244 1065 1329 την

48 1361 110 1416 τών
134 1354 277 1418 δικαίων
301 1350 439 1430 ἀξίωσιν
462 1349 735 1436 ἀναστρέφοντες.
781 1351 831 1415 ὅτι
856 1344 887 1414 δ’
909 1351 971 1416 οὐκ
995 1330 1106 1442 ἄδι-ᾖ,

48 1465 171 1544 κεῖσθε,
195 1456 269 1525 ἀλλ’
292 1458 446 1543 ἀδικεῖτε,
468 1455 523 1522 καὶ
546 1459 652 1522 πολλὰ
675 1454 730 1522 καὶ
749 1456 875 1541 μεγάλα
895 1457 1066 1543 εὐεργετη-

49 1563 160 1645 θέντες
184 1566 251 1632 ὑιιὸ
275 1573 336 1632 τού
359 1567 480 1650 δήμου,
503 1565 543 1629 τὰ
566 1560 627 1648 μέν
647 1565 694 1641 είς
712 1565 774 1648 τὴν
793 1563 1002 1649 ἐλευθερίαν,
1025 1565 1066 1630 τὰ

50 1668 76 1734 δ’
106 1675 153 1751 είς
183 1674 248 1758 τὴν
277 1672 478 1758 ἡγεμονίαν,
508 1670 549 1736 οὐ
579 1670 681 1747 καλὰς
713 1669 946 1736 ἀποδεδώκατε
974 1671 1064 1758 αὐτῷ

49 1779 101 1855 τάς
127 1779 287 1867 ἀμοιβάς,
318 1779 456 1865 μάθετε·
492 1780 674 1862 ποιήσομαι
698 1773 729 1842 δ’
755 1773 814 1862 ἀφ’
836 1773 885 1844 ών
913 1784 984 1843 ῖστε
1010 1775 1065 1842 καὶ

51 1884 139 1952 αὐτοὶ
162 1885 368 1973 πραγμύτων
389 1888 470 1962 τοὺς
492 1887 625 1969 λόγους,
646 1881 701 1950 καὶ
724 1885 807 1970 πρὸς
829 1890 933 1969 θεῶν,
956 1884 1015 1951 ἐών
1032 1908 1065 1949 τι
1079 1899 1104 1940 15

50 1994 168 2071 ψεῦδος
193 2000 288 2076 είκώ,
311 1994 354 2077 μη
378 1991 582 2075 ἀνάσχησθε,
605 1987 677 2056 ἀλλ’
700 1991 806 2067 εὐθὺς
828 1989 983 2076 ἐλέγχετε.

110 2099 280 2165 LXXIIII.
299 2097 400 2184 Ἡμῖν
418 2100 456 2163 τὸ
476 2098 615 2184 ἀρχαῖον
634 2101 818 2183 πολίτευμα
831 2092 875 2180 ἣν
889 2101 1064 2183 μοναρχία,

49 2203 98 2270 καὶ
125 2206 223 2293 μέχρι
250 2215 367 2290 γενεᾶς
395 2204 540 2290 ἑβδόμης
566 2205 668 2289 ταύτη
693 2205 858 2289 χρώμενοι
882 2202 1064 2270 διετελέσα-

50 2333 105 2391 μεν
123 2323 161 2399 τῇ
181 2316 344 2400 πολιτείᾳ,
362 2310 418 2378 καί
435 2313 525 2396 τιαρά
544 2312 652 2387 κύσας
669 2312 728 2388 τδις
745 2310 924 2396 ἡγεμονίας
942 2312 1064 2387 ταύτας

51 2416 144 2485 οὐδέν
173 2420 192 2486 ὁ
222 2421 326 2504 δῆμος
352 2419 530 2502 ἠλαττώθη
557 2419 689 2483 τιώιιοτε
717 2417 782 2483 ύκὸ
805 2427 872 2484 τών
896 2416 1061 2502 βασιλέων
1076 2434 1103 2474 2⁰

13 2522 99 2588 ῖοῖκαὶ
116 2528 252 2593 πάντων
271 2527 388 2610 ἥκιστα
408 2525 473 2590 ὑπὸ
487 2535 555 2590 τών
569 2526 782 2589 τελευταίων·
807 2525 849 2590 ἐῶ
863 2527 927 2609 γὰρ
942 2523 1064 2610 λέγειν,

51 2628 96 2694 ὅτι
112 2635 221 2700 πολλὰ
238 2631 293 2698 καὶ
313 2632 438 2717 μεγάλα
457 2631 569 2715 ἀγαθώ
588 2630 623 2696 ἐκ
641 2640 699 2716 τῆς
718 2631 820 2716 ἀρχῆς
838 2632 949 2697 αὐτῶν
970 2632 1063 2717 ἐκαρ-

50 2739 186 2807 πώσατο.
232 2737 334 2826 χωρὶς
361 2740 426 2824 γὰρ
456 2746 514 2822 τῆς
542 2739 644 2822 ἀλλης
672 2737 783 2803 αὐτῶν
811 2741 1008 2823 θεραπείας,
1040 2729 1097 2824 ᾗ2

51 2847 287 2922 κολακεύοντας
305 2845 408 2911 αὐτὸν
428 2846 553 2909 οίκεῖου
567 2840 628 2928 μέν
643 2847 774 2928 σφίσιν,
793 2829 918 2931 ἐχθρὸν
934 2840 964 2911 δ’
982 2846 1063 2931 ὑμῖν

53 2947 223 3032 ἐβούλοντο
257 2946 358 3035 εἶναι,
392 2950 409 3016 ὃ
442 2943 598 3016 ιιοίοῦσιν
626 2952 767 3027 ἀτιαντες
794 2951 830 3016 ού
854 2963 1063 3038 τυραννικῶς
1076 2967 1102 3008 25

53 3053 218 3142 ἐξάγοντες
240 3061 299 3136 τὰς
322 3059 531 3139 δυναστείας,
553 3060 776 3141 κρατήσαντες
793 3056 926 3146 πολέμῳ
946 3068 1061 3147 μακρῷ

116 3222 131 3270 6
154 3209 302 3288 γενόμενοι
327 3215 409 3270 αύτοί
434 3231 457 3268 ο.
481 3213 620 3269 Βθολιολετ
711 3213 781 3283 ’ῖῆν
805 3218 854 3271 δεῖ
873 3215 1018 3272 αἰτεῖσθαι
1037 3235 1060 3272 ο.

53 3278 182 3342 Βλολιελετ
243 3294 276 3341 11
295 3284 451 3341 καὶπολλὰ
470 3285 565 3340 om.B
623 3292 654 3340 12
674 3295 724 3350 τού
743 3305 796 3342 om.
816 3287 842 3340 A
898 3294 929 3342 17
949 3288 1062 3363 ἡμ<ῖ>ν

54 3349 334 3432 ΒΙμοναρχ<ί>αΒ
408 3365 440 3412 21
460 3357 668 3431 τελευτ<αι>ων
688 3358 711 3411 Β
734 3358 841 3415 in‘ras.
862 3365 876 3411 1
896 3359 952 3414 litt.
1026 3367 1060 3415 22

55 3427 150 3573 λεῖῖεγύλμ
168 3430 217 3571 aar}
236 3428 558 3555 πολλὰᾶΒΜθΒωάλῒίης
577 3430 671 3555 αμτών
690 3431 737 3484 Bb
770 3432 864 3486 αὐτῶν
883 3448 936 3486 om.
951 3432 977 3486 R
1027 3437 1061 3486 25

77 3517 120 3554 ναι
149 3522 199 3558 ποι
219 3521 267 3556 σαι
286 3518 308 3556 ο.
349 3519 368 3554 u
389 3517 450 3554 lan
480 3518 494 3553 r
537 3518 593 3555 ιεεε
606 3519 655 3570 mg

844 3591 900 3647 24*
