2394 3912
571 185 732 238 -ς..

143 348 180 414 ἐν
205 348 337 424 τούτοις
365 347 524 414 συνάπτει
550 356 622 423 τοῖς
647 348 831 431 πολεμίοις,
858 343 914 411 καὶ
938 346 1049 411 αὐτίκα
1068 362 1131 412 συν-

143 457 274 538 ίστησιν
298 455 409 520 αὐτῶν
431 456 489 531 τάς
511 452 627 532 τάξεις.
663 453 708 530 ὡς
732 450 763 518 δ’
785 453 870 532 λίπαξ
894 454 1090 536 ἀνεκόπησαν
1110 456 1135 519 ολ

143 563 322 649 βάρβαροι,
356 561 484 647 θάρσος
512 561 644 626 ἐνέπεσε
671 571 742 637 τοῖς
763 555 952 644 Ῥωμαίοις,
980 558 1033 626 καλ
1058 566 1133 642 φιλο

143 671 252 735 νεικία
273 680 344 746 τοῖς
366 671 475 748 πεζοῖς
497 670 581 752 πρὸς
601 669 681 744 τοὺς
705 668 827 744 ίππεϊς·
858 665 914 732 καλ
937 664 1015 732 καθ’
1036 667 1071 731 ἓν
1091 667 1134 751 ἀμ

116 778 281 860 σφότεροι
298 776 473 860 πυργηδὸν
493 774 658 853 ἐξωθοῦσι
676 774 713 838 τὸ
733 772 845 852 δεξιὸν
862 772 962 859 κέρας
978 783 1044 838 τῶν
1060 778 1135 838 πολε

145 886 231 966 μίωυ
254 882 316 958 ἕως
338 892 399 947 τοῦ
417 884 541 966 λόφου·
562 878 619 946 καὶ
638 881 674 946 οί
689 877 751 964 μὲν
768 891 839 957 τοῖς
856 877 934 964 περὶ
951 881 1013 946 τὸν
1030 880 1133 965 χάρακα

144 988 331 1074 φεύγουσιν
349 986 504 1072 ἑπόμενοι
522 989 667 1063 πολλοὺς
686 985 892 1068 ἀπέκτειναν,
917 988 953 1051 ολ
969 983 1007 1050 δὲ
1023 996 1089 1062 τοῖς
1102 988 1136 1050 ἔτι

109 1095 343 1179 3μαχομέυοις
365 1095 447 1160 κατὰ
469 1095 579 1159 νώτου
602 1093 736 1178 ἐπῆγον.
773 1094 975 1180 τρεψάμενοι
998 1088 1036 1157 δέ
1052 1091 1136 1158 κάκιί

144 1223 226 1277 νους
249 1201 297 1277 είς
318 1200 432 1283 φυγὴν
457 1200 617 1266 ἐπίπονόν
640 1222 675 1264 τε
698 1197 754 1264 καὶ
772 1199 934 1286 βραδεῖαν
952 1200 1014 1283 τὴν
1033 1198 1137 1282 άποχά

106 1327 131 1367 ιο
146 1323 245 1392 ρησιν
271 1305 495 1390 ποιουμένους
521 1307 605 1391 πρὸς
634 1306 771 1390 ὀχθώδη
799 1309 905 1392 χωρία
928 1305 1079 1386 ἐδίωκον,
1102 1304 1178 1374 ιε’-1111

144 1413 265 1489 νουτάς
287 1435 322 1478 τε
345 1413 589 1488 ὑποκόπτοντες
611 1414 726 1478 ποδῶν
743 1410 800 1477 καὶ
817 1413 877 1489 τάς
895 1413 992 1495 ίγνῦς
1009 1414 1139 1494 πλαγίοις
1176 1477 1178 1500 ,

145 1529 215 1596 τοῖς
244 1519 354 1602 ξίφεσι
382 1521 605 1604 διαιροῦντες,
635 1519 698 1596 ἕως
725 1517 779 1584 ἐπὶ
805 1520 866 1585 τὸν
893 1520 1022 1604 χάρακα
1047 1519 1138 1584 αὐτῶν

145 1625 315 1708 ἀφίκοντο.
362 1625 558 1709 βιασάμενοι
592 1621 629 1690 δὲ
660 1623 716 1690 καλ
747 1627 870 1692 τούτου
901 1628 982 1701 τοὺς
1010 1626 1139 1708 φύλακας

146 1732 187 1796 ού
223 1733 368 1807 πολλοὺς
403 1733 502 1808 ὄντας
538 1731 722 1815 ἐκράτησαν
753 1742 816 1797 τοῦ
848 1732 1071 1818 στρατοπέδου
1097 1728 1139 1796 καλ

107 1855 132 1897 15
146 1838 347 1920 διήρπασαν·
382 1837 543 1921 ὠφελείας
566 1837 680 1922 μέντοι
703 1837 744 1903 ού
767 1839 891 1915 πολλάς
910 1835 1023 1923 εὗρον,
1046 1839 1091 1904 ὅτι
1105 1837 1138 1921 μη

147 1942 232 2006 ὅπλα
255 1938 310 2006 καλ
333 1942 465 2025 ἵππους,
489 1940 544 2008 καλ
567 1948 601 2007 εί
618 1964 651 2006 τι
674 1943 756 2008 άλλο
776 1946 1034 2031 πολεμιστήριον
1051 1955 1139 2030 χρῆμα

145 2044 196 2132 ἦν.
246 2057 349 2114 ταῦτα
382 2049 418 2113 οί
446 2045 521 2132 περὶ
553 2051 756 2134 Σερουίλιον
787 2048 843 2114 καλ
866 2048 1011 2116 ’Ἁππιου
1041 2051 1140 2116 ὕπατοι

146 2155 299 2239 ἔπραξαν.

212 2260 382 2326 XXXIIII.
405 2262 502 2326 Μετὰ
524 2270 628 2326 ταῦτα
650 2262 949 2346 παραλαμβάνουσι
966 2265 1028 2347 την
1045 2263 1139 2328 ὑπατι»

106 2368 209 2450 κακὴν
232 2367 338 2452 ἀρχὴν
356 2363 469 2445 Αὖλος
488 2367 685 2452 Οὐεργίνιος
698 2371 965 2453 Καιλιμοντανὸς
987 2369 1042 2436 καλ
1063 2374 1140 2445 Τῖτος

147 2473 349 2557 Οὐετούριος
365 2473 514 2559 Γέμινος,
535 2476 697 2559 ἄρχοντος
711 2470 874 2560 Ἀθῆνησι
889 2476 1139 2561 Θεμιστοκλέους,

147 2577 309 2667 ἑξηκοστῷ
337 2577 392 2646 καλ
416 2583 635 2668 διακοσιοστῷ
659 2583 740 2666 μετά
761 2581 823 2664 την
846 2584 954 2647 κτίσιν
979 2586 1058 2667 ἐτει,
1082 2587 1140 2667 μελ-

147 2687 270 2769 λούσης
301 2688 349 2765 είς
379 2687 518 2753 τούπιὸν
549 2695 608 2769 τῆς
640 2686 885 2773 ἑβδομηκοστῆς
916 2688 973 2754 καλ
1006 2689 1141 2776 δευτέρας

147 2793 360 2877 ὀλυμπιάδος,
383 2794 427 2877 ἣν
450 2794 543 2860 ἐνίκα
567 2795 726 2880 δεύτερον
754 2797 950 2881 Τισικράτης
969 2796 1140 2884 Κροτωνιά-

219 3017 285 3076 λέν
303 3021 391 3094 τούτῳ
410 3021 433 3076 Ο
453 3038 521 3076 corr.
541 3021 645 3076 Reiske
704 3022 827 3095 λάταξ]
847 3023 996 3079 άπασινΒ
1055 3031 1140 3092 ῦπαρ

147 3092 247 3164 γηδὸυ]
271 3092 384 3162 φύρδην
406 3091 453 3146 vel
476 3091 653 3163 πεφυρμένοι
671 3111 694 3147 ο.
713 3093 858 3164 Kiessling
938 3103 954 3151 6
973 3096 1051 3168 περὶ]
1070 3092 1109 3151 ἐπὶ
1123 3110 1139 3146 ο.

148 3163 269 3230 Sylburg
282 3164 352 3232 πρὸς
365 3162 469 3217 Reiske
517 3169 533 3218 8
549 3161 667 3235 ἐπῆγον]
682 3159 827 3221 ἐπέκειντο
846 3183 869 3221 ο.
889 3165 1054 3222 dubitanter
1065 3167 1140 3220 Κλειο-

147 3231 208 3298 ling
293 3229 476 3305 9ἐπίπονον]
502 3231 662 3289 έπιπτονΒ
751 3243 782 3291 11
802 3235 1052 3302 άποκόπτοντεςΒ
1116 3241 1138 3288 16

148 3300 351 3384 πολεμητήριον
370 3304 421 3354 ΑΒ
512 3309 546 3357 20
566 3305 746 3374 μοντανὸςΟ
787 3309 1006 3378 καιλιμοντανὸς
1029 3307 1139 3378 Sigonius

149 3373 181 3418 21
202 3369 313 3435 οῦεμιος
331 3374 453 3439 γεμίνιος
473 3374 495 3427 Ο
516 3391 585 3431 corr.
605 3375 728 3445 Sylburg
787 3385 821 3433 23
840 3379 1069 3450 πεντηκοστῆςΒ
1114 3382 1140 3433 24

151 3437 328 3503 στησίκρατος
347 3439 361 3492 δ
380 3441 402 3491 Β
