2400 3912
470 193 636 242 -Λ-
998 192 1060 255 107

44 350 249 426 δυναστείας.
289 348 410 426 οἵτινες
434 343 465 415 δ’
487 345 573 434 ήσαν
597 352 632 416 οί
651 360 709 436 τῆς
731 351 981 430 ἐπαναστάσεως
1004 355 1063 438 ἀρ-

44 457 155 536 ξαντες
181 453 239 523 καὶ
268 454 312 522 δι’
336 456 419 524 οἴων
445 461 579 543 τρόπων
603 453 713 541 ήλθον
736 457 789 525 ἐπὶ
812 461 852 526 τὰ
874 461 1060 546 πράγματα,

44 560 85 628 δι’
107 563 234 647 ὀλίγων
258 563 459 648 πειράσομαι
483 565 641 630 διελθεῖν.

105 669 248 734 LXIIII.
285 670 355 752 Τήν
382 663 568 754 Ἀρδεατῶν
594 672 694 737 πόλιν
722 669 740 736 ὁ
773 673 957 754 Ταρκύνιος
985 672 1060 738 ἐπο-

10 780 165 861 ηςλιόρκει
189 777 363 860 πρόφασιν
386 772 448 860 μὲν
470 777 681 860 ποιούμενος,
705 777 756 842 ὅτι
779 779 857 854 τοὺς
881 777 916 843 ἐκ
934 773 1086 862 Ῥώμηςε

43 885 194 969 φυγάδας
215 881 394 968 ὑπεδέχετο
417 880 473 948 καὶ
491 879 715 966 συνέπραττεν
734 883 847 960 αὐτοῖς
864 882 939 968 περὶ
957 887 1059 950 καδό-

45 995 115 1057 δου·
154 991 201 1068 ὡς
224 987 262 1055 δὲ
284 985 429 1073 τάληθὲς
452 984 540 1074 εἶχεν
564 989 791 1073 ἐπιβουλεύων
815 992 897 1076 αὐτῇ
923 992 977 1056 διδι
1001 993 1059 1056 τὸν

43 1103 187 1164 πλοῦτον
211 1096 459 1181 εὐδαιμονούσῃ
483 1096 624 1179 μάλιστα
642 1106 710 1162 τῶν
729 1096 766 1162 ἐν
781 1093 902 1185 Ἰταλίᾳ
920 1100 1058 1172 πόλεων.

42 1206 203 1288 γενναίως
231 1199 269 1268 δὲ
296 1213 365 1268 τῶν
385 1201 571 1289 Ἀρδεατῶν
594 1201 857 1288 ἀπομαχομένων
880 1203 935 1270 καὶ
958 1209 1060 1270 πολυ-

45 1314 182 1397 χρονίου
204 1319 264 1394 τής
286 1311 481 1393 πολιορκίας
504 1307 682 1393 γινομένης
705 1310 741 1374 οἴ
760 1307 790 1374 τ’
812 1308 865 1376 ἐπὶ
882 1319 943 1375 τοῦ
963 1326 1058 1394 στρα-
1074 1327 1099 1368 10

43 1415 184 1482 τοπέδου
211 1417 395 1501 κάμνοντες
423 1412 476 1480 ἐπὶ
503 1423 543 1500 τή
571 1419 667 1501 τριβή
695 1425 755 1482 τοῦ
777 1415 924 1499 πολέμου
947 1414 1062 1481 καλοί

43 1526 122 1589 κατὰ
153 1526 253 1589 πόλιν
283 1522 497 1605 ἀπειρηκότες
522 1533 596 1598 ταῖς
622 1524 795 1606 εἰσφοραῖς
822 1521 948 1605 ἕτοιμοι
975 1524 1059 1608 πρὸς

44 1631 224 1696 ἀπόστασιν
246 1624 345 1712 ἦσαν,
369 1633 403 1693 εί
421 1651 471 1704 τις
494 1628 578 1713 ἀρχή
597 1626 737 1710 γίνοιτο.
769 1628 931 1717 ἐντούτῳ
952 1629 993 1712 δή
1012 1629 1093 1716 τῳ2

44 1745 144 1824 καιρῷ
167 1734 293 1814 Σέξτος
320 1734 339 1800 ὁ
367 1735 593 1820 πρεσβύτατος
620 1745 687 1800 τῶν
715 1738 905 1818 Ταρκυνίου
926 1737 1057 1801 παίδων

45 1840 237 1918 ἀποσταλεὶς
260 1841 326 1907 ὑπὸ
349 1849 411 1905 τοῦ
428 1841 553 1925 πατρὸς
571 1842 619 1917 είς
636 1843 745 1924 πόλιν,
768 1841 789 1925 ἣ
809 1841 955 1908 ἐκαλεῖτο
970 1846 1057 1907 Κολ-
1072 1858 1096 1899 1⁵

45 1951 166 2032 λάτεια,
200 1951 313 2034 χρείας
344 1948 438 2023 τινδις
467 1945 685 2031 ὑπηρετήσων
715 1950 950 2033 στρατιωτικὰς
975 1946 1054 2033 παρ’

46 2056 141 2142 ἀνδρὶ
167 2058 319 2140 κατήχθη
350 2063 510 2136 συγγενεῖ
533 2056 665 2141 Λευκίῳ
698 2058 872 2142 Ταρκυνίῳ
900 2063 945 2143 τῳ
969 2061 1057 2121 Κολ-

47 2167 162 2250 λατίνῳ
191 2157 525 2247 προσαγορευομένῳ.
571 2169 693 2224 τοῦτον
715 2162 775 2225 τὸν
798 2161 906 2246 ἀνδρα
932 2161 1092 2244 Φάβιοςῧ

46 2265 104 2351 μὲν
133 2269 211 2334 υίὸν
245 2261 336 2332 εἷναί
365 2282 471 2350 φησιν
500 2261 671 2349 Ἠγερίου,
704 2265 780 2351 περὶ
812 2262 853 2332 οὗ
886 2268 1057 2350 δεδήλωκα

47 2378 219 2461 πρότερον,
257 2373 309 2438 ὅτι
346 2373 521 2459 Ταρκυνίῳ
557 2373 602 2460 τῳ
639 2371 789 2461 προτέρῳ
822 2375 1056 2457 βασιλεύσαντι
1070 2389 1097 2429 2⁰

10 2478 206 2567 ιωῬωμαίων
231 2481 437 2564 ἀδελφόπαις
459 2474 503 2562 ήν
525 2477 581 2544 καὶ
597 2482 800 2557 Κολλατείας
822 2481 954 2565 ήνεμὼν
977 2479 1057 2544 ἀπο-

49 2587 186 2674 δειχθεὶς
214 2587 280 2653 ἀπὸ
307 2595 365 2670 τῆς
391 2585 428 2651 ἐν
452 2585 561 2672 ἐκείνη
584 2595 623 2670 τῇ
646 2589 741 2653 πόλει
765 2589 936 2673 διατριβής
959 2585 1058 2662 αὐτός

47 2717 80 2760 τε
104 2699 311 2770 Κολλατῖνος
338 2692 464 2776 ἐκλήθη
492 2689 548 2756 καὶ
575 2702 645 2769 τοῖς
672 2692 823 2776 ἐγγόνοις
851 2689 909 2776 ἀφ’
937 2689 1057 2756 ἑαυτοῦ

48 2803 103 2885 τήν
133 2800 241 2883 αὐτήν
270 2796 446 2864 κατέλιπεν
474 2797 658 2881 ἐπίκλησιν·
696 2799 760 2882 ἐγὼ
789 2796 827 2863 δὲ
853 2797 909 2864 καὶ
936 2807 1056 2864 τοῦτον

117 3037 133 3084 4
152 3027 283 3100 ἐπολέμει
302 3027 324 3082 0
344 3028 420 3094 quod
439 3025 494 3080 def.
512 3027 623 3096 Krfiger
640 3026 678 3080 ad
691 3025 772 3080 Dion.
786 3025 859 3080 Hist.
878 3044 905 3094 p.
920 3031 954 3078 49
992 3020 1057 3078 ἕτο-

52 3098 145 3170 λιόρκει
163 3119 186 3157 ο.
205 3101 309 3154 Portus
328 3096 363 3152 cf.
383 3097 427 3150 Fr.
442 3097 532 3150 Kxebs
547 3098 663 3152 Recens.
682 3097 770 3153 litter.
789 3096 887 3165 philol.
907 3112 968 3149 nov.
986 3099 1055 3148 1886

51 3188 76 3238 p.
92 3178 138 3227 δεῖ
200 3177 234 3225 10
259 3171 293 3225 οἵ
304 3188 334 3224 τε
354 3163 401 3224 ἐπὶ
420 3167 443 3222 Β
480 3169 513 3223 οἵ
530 3188 559 3224 τε
579 3164 626 3224 ἐπὶ
643 3175 676 3239 τῇ
695 3170 776 3241 τριβή
795 3175 845 3222 τοῦ
867 3165 989 3234 πολέμου
1009 3160 1055 3218 ἐπὶ

52 3241 299 3368 τοῦέστροηοκίδου
318 3238 517 3327 κάμνοντεςΑ
588 3246 622 3362 μμ
642 3239 716 3295 κατὰ
733 3239 785 3308 τήν
803 3235 885 3327 πόλιν
900 3235 1056 3360 Αἰῳφτοεοδ

52 3320 191 3439 δείξω
210 3316 247 3440 δέ
262 3308 902 3452 ξιιίλιέλῖλνὲλθηφηάδελξῗέίνὲίθη
922 3384 955 3431 ει
975 3323 1057 3431 ίδδὲ

54 3453 163 3521 φδπαις
181 3455 228 3508 Bb
266 3456 394 3521 ἀδελφοῦ
413 3458 480 3514 παῖς
499 3450 575 3504 ΑΒε
591 3456 595 3518 l
611 3451 743 3505 κολλάτια
761 3450 785 3502 Β
