2400 3912
475 216 640 265 -Δ-
1025 214 1066 277 17

51 401 120 441 κων
153 374 380 460 δυναμένους,
411 375 602 457 ἀναγκάσας
634 371 672 438 δὲ
702 376 741 440 τὸ
773 378 934 460 Σαβίνων
966 377 1068 452 ἔθνος

50 483 246 567 ὑποχείριον
269 480 350 566 ὑμῖν
373 479 543 565 γενέσθαι,
567 482 647 565 μετά
664 486 799 546 πολλῶν
817 482 947 548 ἅπαντα
964 491 1067 548 ταῦτα

50 586 106 653 καὶ
130 587 285 672 μεγάλων
304 587 476 653 κινδύνων
493 587 788 673 κατεργασάμενος.
825 588 907 652 ὅσον
924 584 986 672 μὲν
1005 584 1068 653 οὖν
1082 595 1104 658 3

50 694 153 770 αὐτὸς
180 696 234 778 ἔζη
257 695 399 780 χρόνον,
423 691 539 781 ἐκείνῳ
561 701 730 778 προσῆκεν
752 693 837 778 ὑμᾶς
860 693 961 777 <τάς>
983 690 1067 777 ὑπὲρ

49 812 118 864 τῶν
140 799 342 885 εὐεργεσιῶν
359 799 494 884 χάριτας
511 798 648 882 είδίναι,
672 800 784 884 ἐπειδὴ
803 797 842 865 δὲ
860 802 1094 882 τετελεύτηκεε

48 908 111 970 τὸν
139 908 217 990 βίον
245 917 314 983 τοῖς
341 905 494 989 ἐγγόνοις
515 905 621 970 αὐτοῦ
642 906 701 982 τάς
724 905 864 990 ἀμοιβάς
886 906 1067 989 ἀποτίνειν,

49 1010 107 1078 καί
127 1014 172 1098 μὴ
193 1013 472 1097 συγκατορύττειν
491 1010 564 1098 ἅμα]
575 1024 647 1090 τοῖς
660 1013 791 1097 σώμασι
805 1023 871 1078 τῶν
885 1013 1068 1100 εὐεργετῶν

48 1117 105 1183 καί
129 1119 193 1201 τὴν
216 1121 351 1203 μνήμην
372 1129 440 1184 τῶν
465 1120 581 1204 ἔργων.
618 1117 735 1196 δόξατε
754 1114 816 1184 οὖν
834 1129 931 1205 κοινῇ
948 1121 1068 1196 πάντες

47 1225 226 1310 ἐπίτροποι
257 1229 517 1308 καταλελεῖφθαι
546 1234 615 1289 τῶν
642 1225 786 1290 παιδίων
812 1223 868 1290 καὶ
895 1228 1068 1310 βεβαιοῦτε

49 1331 168 1408 αὐτοῖς
191 1331 235 1414 ἣν
259 1330 277 1396 ὁ
300 1331 433 1407 πολιτνος
454 1328 628 1397 κατέλιπεν
651 1330 766 1415 ἀρχήν.
803 1330 905 1397 οὐδὲν
928 1335 992 1418 γάρ
1015 1355 1067 1398 το-
1084 1355 1109 1391 10

49 1447 179 1503 σοῦτου
198 1436 425 1502 ἀπολαύσειαν
443 1435 529 1521 <ἀν>
553 1435 589 1502 ἐκ
606 1446 664 1521 τῆς
681 1436 762 1521 ἐμῆς
780 1435 855 1514 ἑνὸς
873 1440 971 1514 ὄντος
987 1459 1068 1522 προ-

49 1545 201 1626 στασίας,
225 1543 308 1607 ὅσον
331 1541 368 1608 ἐκ
389 1552 447 1626 τῆς
470 1552 584 1626 κοινῆς
607 1543 763 1609 ἁπάντων
786 1544 881 1628 ὑμῶν
899 1547 1068 1628 βοηθείας.

49 1659 156 1714 ταῦτα
186 1644 219 1713 δ’
241 1651 347 1714 εἰπεῖν
375 1649 584 1734 ἠνάγκασμαι
611 1648 874 1734 συνισταμένους
899 1651 993 1727 τινάς
1015 1649 1104 1716 ίπ’4

49 1756 177 1832 αὐτοὺς
200 1756 404 1839 αἰσθόμενος
426 1752 486 1823 καὶ,
503 1755 566 1838 τὴν
588 1754 694 1839 ἀρχὴν
717 1753 841 1842 ἑτέροις
858 1757 1068 1842 παραδοῦναι

50 1859 292 1945 βουλομένους.
330 1859 410 1938 ἀξιῶ
430 1857 463 1924 δ’
485 1860 581 1945 ὑμᾶς,
605 1862 726 1946 ἀνδρες
739 1857 903 1947 Ῥωμαῖοι,
927 1860 983 1927 καλ
1000 1874 1068 1929 τῶν
1084 1883 1108 1921 1⁵

4 1967 147 2052 οοιὲμῶν
176 1964 407 2052 μεμνημένους
434 1966 591 2050 ἀγώνων,
622 1967 681 2044 οὓς
703 1965 788 2054 ὑπὲρ
810 1977 869 2052 τῆς
890 1969 1069 2053 ἡγεμονίας

49 2073 281 2158 ἠγωνισάμην,
302 2073 378 2138 οὔτε
393 2084 520 2159 μικρῶν
535 2075 643 2139 ὄντων
657 2069 727 2138 οὔτ’
745 2075 879 2159 ὀλύγων,
894 2075 954 2152 οὓς
968 2074 1069 2142 οὐδὲν

50 2179 171 2264 δέομαι
190 2181 275 2264 πρὸς
293 2180 422 2256 είδότας
440 2179 526 2264 ὑμᾶς
539 2178 659 2263 λέγειν,
678 2182 737 2256 τὰς
750 2178 825 2244 ἀντὶ
837 2183 967 2246 τούτων
981 2182 1069 2265 ὀφει·
1132 2166 1135 2174 ’

51 2285 197 2369 λομέυας
221 2284 294 2369 ἐμοὶ
317 2285 454 2370 χάριτας
470 2295 541 2361 τοῖς
559 2286 705 2362 παιδίοις
723 2285 910 2352 ἀποδοῦναι
927 2288 1067 2364 τούτοις.

53 2392 183 2476 οὐγὰρ
208 2392 300 2455 ίδίαν
323 2389 428 2476 ἀρχὴν
452 2390 581 2479 ἐμαυτῷ
600 2395 931 2476 κατασκευαζόμενος,
954 2387 994 2476 ἧς
1012 2394 1069 2459 οὐ·
1082 2415 1109 2452 20

56 2498 149 2574 δενὸς
178 2493 280 2580 ἧττον
308 2495 399 2575 άξιος
425 2491 469 2579 ἦν
492 2495 673 2581 βουληθείς
694 2500 886 2583 τυγχάνειν,
917 2499 1000 2564 ἀλλά
1023 2509 1068 2588 τῷ

64 2605 248 2687 Ταρκυνίου
276 2602 366 2686 γένει
394 2605 533 2686 βοηθῶν
562 2604 602 2667 τά
624 2606 722 2669 κοινὰ
744 2605 901 2691 πράττειν
923 2606 1069 2692 προῄρη-

53 2732 120 2790 μαι.
154 2707 266 2792 ίκίτης
285 2707 316 2773 δ’
334 2709 429 2793 ὑμῶν
447 2711 584 2793 γίνομαι
598 2710 643 2793 μὴ
656 2711 735 2787 τοὺς
749 2709 922 2795 ὀρφανούς
936 2713 1072 2797 ἔγκατα.
1084 2717 1105 2778 5

124 2925 141 2972 4
160 2917 212 2980 τὰς
234 2915 305 2986 ὑπὲρ
329 2916 418 2970 Cobet
437 2917 502 2972 0bs.
521 2937 548 2986 p.
569 2925 602 2974 76
694 2924 710 2972 ὅ
729 2918 779 2981 τάς
797 2919 912 2990 χάριτας
931 2939 954 2975 ο.
973 2921 1070 2976 Kiess-

47 2989 112 3058 ling
172 2995 207 3050 ,7
228 2987 502 3058 σνγκατορύττεινΒ
581 2989 761 3059 κατορύττειν
780 2991 806 3042 R
882 2992 1069 3046 9παίδωνΒ

45 3061 177 3114 παιδίων
191 3059 218 3111 R
233 3063 237 3128 Ι
254 3059 433 3131 βεβαιοῦντες
447 3059 469 3113 Ο
485 3060 635 3129 praeterB
678 3066 712 3115 10
726 3060 779 3131 γάρ
794 3059 830 3115 διν
845 3080 867 3116 c.
877 3061 990 3128 Reiske,
1004 3064 1070 3130 post

45 3130 248 3186 ἀπολαύσειαν
272 3146 324 3199 ego
348 3128 384 3184 διν
408 3129 507 3183 addidi
580 3138 612 3186 12
632 3129 698 3185 ὅσον
718 3163 750 3171 -
771 3133 907 3204 βοηθείας
925 3149 978 3186 om.
997 3132 1020 3185 Β
1039 3132 1069 3185 in

43 3273 104 3325 mg.
127 3255 192 3309 ead.
209 3270 284 3307 man.
303 3273 337 3325 γρ
356 3254 405 3307 καλ
424 3255 475 3326 βοη
534 3261 566 3308 16
587 3253 647 3393 οάςέ
667 3255 703 3316 ὡς
721 3271 743 3308 ο.
765 3255 889 3309 Sintenis
907 3255 967 3311 Em.
987 3255 1068 3311 Dion.

43 3328 130 3380 1112
212 3331 250 3406 ,²⁰
269 3325 385 3387 ούδενὸς
402 3318 607 3448 ἦνβουληθεὶς
649 3345 713 3380 ττον
732 3325 850 3390 ἀξιοςΒ
929 3333 963 3381 23
981 3327 1069 3409 *μήτε

44 3397 66 3452 0
105 3413 221 3452 correx1
243 3395 311 3465 μήτε
335 3391 382 3464 ἐμὲ
407 3396 443 3450 ad
465 3438 471 3449 .
490 3396 594 3450 Rfflske
631 3395 701 3468 μηδὲ
720 3397 785 3459 τοὺς
803 3397 947 3467 ὀρφανούς
965 3417 988 3454 ο.
1009 3399 1070 3453 Sm-

42 3468 125 3523 tenis
145 3467 210 3522 Em.
229 3466 311 3522 Dion.
330 3467 356 3519 Π
377 3472 409 3520 14
425 3472 429 3537 Ι
446 3463 642 3537 ἐγκαταλιπεῖν
660 3468 683 3520 Β
720 3473 884 3524 καταλιπεῖν
903 3471 928 3522 R

98 3568 208 3608 mom.
222 3567 288 3605 Ηευ.
301 3567 333 3606 Π.
354 3577 393 3607 ευ.
407 3567 508 3608 λευοοε.
893 3566 908 3613 2
