2384 3902
151 218 218 284 226
580 221 744 269 -Ε-

151 382 233 446 κατά
255 381 317 464 τὴν
339 380 474 465 πομπὴν
497 379 534 444 ἐκ
556 389 617 445 τοῦ
642 381 734 465 ἱεροῦ
753 381 914 455 πεσόντος
933 379 1074 463 ἅρματος
1090 373 1146 442 κατ’

152 487 256 554 αὐτὸν
283 489 342 552 τὸν
372 487 596 572 ἱππόδρομον,
630 483 685 550 καὶ
712 487 806 571 τρίτη
835 485 918 570 μετὰ
946 484 1008 567 την
1033 485 1149 568 πομπὴν

151 597 276 678 ταύτην
303 593 409 680 ἡμέρᾳ
436 596 709 677 τελευτησαντος,
737 593 796 656 τὸν
819 593 1022 676 λειπόμενον
1043 592 1148 674 χρόνον

151 705 280 788 βραχὺν
308 704 388 768 ὄντα
413 701 474 784 τὴν
497 699 603 785 ἀρχὴν
626 701 729 784 μόνος
752 699 770 764 ὁ
795 701 981 776 Σολπίκιος
1003 697 1148 781 κατέσχεν.

124 829 137 868 5
217 808 339 875 LVIII.
369 807 508 873 Ὗπατοι
536 805 568 871 δ’
592 808 639 882 είς
665 806 724 870 τὸν
753 805 890 871 ἐπιόντα
913 805 1070 871 ἐνιαυτὸν
1090 805 1148 868 ἀπε-

151 916 336 999 δείχθησαν
365 917 515 990 Πόπλιος
540 913 743 998 Οὐετούριος
766 916 911 998 Γεμῖνος
939 909 997 978 καὶ
1020 913 1148 986 Πόπλιος

149 1021 331 1104 Αἰβούτιος
348 1019 480 1104 Ἔλβας.
520 1020 648 1084 τούτων
676 1018 694 1084 ὁ
723 1015 785 1103 μὲν
810 1019 996 1103 Αἰβούτιος
1025 1015 1076 1083 ἐπὶ
1099 1027 1177 1083 τῶννει

150 1131 329 1191 πολιτικῶν
352 1125 476 1210 ἐτύχθη
499 1125 702 1211 πραγμάτων
726 1130 879 1210 φυλακῆς
903 1125 945 1190 οὐ
965 1133 1083 1211 μικρᾶς
1100 1125 1148 1188 δεί-

150 1238 233 1298 σθαι
262 1233 469 1313 δοκούντων,
498 1235 542 1316 μή
570 1255 620 1308 τις
643 1230 738 1316 ἑτέρα
760 1238 971 1317 νεωτερισθῇ
995 1230 1106 1317 πρᾶξις
1124 1229 1149 1294 ἐκ

111 1359 137 1399 ιο
150 1350 218 1405 τῶν
240 1341 406 1422 πενήτων·
440 1339 641 1423 Οὐετούριος
664 1335 702 1403 δὲ
724 1339 787 1422 τὴν
809 1338 967 1423 ἡμίσειαν
991 1347 1051 1422 τῆς
1072 1354 1148 1421 στρα-

31 1513 34 1518 ,
149 1455 220 1523 τιάς
243 1445 446 1530 ἐπαγόμενος
468 1445 529 1528 τὴν
550 1445 746 1528 Φιδηναίων
769 1454 833 1529 γῆν
855 1441 960 1530 ἐδῄου
980 1445 1148 1517 κωλύοντος

151 1552 289 1630 οὐδενὸς
324 1549 380 1616 καὶ
420 1553 731 1637 προσκαθεζόμενος
767 1560 807 1636 τῇ
843 1554 939 1617 πόλει
976 1551 1149 1637 προσβολὰς

150 1657 292 1723 ἐποιεῖτο
311 1669 468 1743 συνεχεῖς.
502 1659 543 1723 οὐ
562 1659 750 1743 δυνάμενος
766 1655 804 1724 δέ
817 1661 995 1746 πολιορκίᾳ
1011 1660 1052 1724 τὸ
1065 1668 1149 1741 τεῖχος

150 1762 237 1828 ἑλεῖν
265 1765 473 1851 ἀπεχαράκου
500 1765 540 1830 τὰ
562 1763 657 1850 πέριξ
680 1762 736 1829 καὶ
758 1764 990 1851 ἀπετάφρευεν
1017 1766 1064 1842 ὡς
1084 1770 1148 1848 λιμβ

110 1851 228 1965 Ξτοὺς
260 1869 462 1955 ἀνθρώπους
493 1875 795 1956 παραστησόμενος.
843 1873 906 1955 ἤδη
936 1869 974 1936 δὲ
1003 1873 1149 1956 κάμνουσι

149 1987 219 2052 τοῖς
235 1977 432 2059 Φιδηναίοις
453 1973 533 2061 ἧκεν
552 1977 725 2063 ἐπικουρία
741 1981 910 2061 Λατίνων,
933 1979 977 2062 ἣν
997 1977 1148 2043 ἀπέστειλε

149 2081 273 2162 Σέξτος
300 2084 499 2168 Ταρκύνιος,
527 2080 582 2147 καὶ
611 2093 702 2160 σῖτος
729 2082 784 2148 καὶ
812 2085 897 2150 ὅπλα
920 2083 976 2148 καὶ
1000 2079 1104 2150 τᾶλλα
1122 2082 1149 2146 τὰ

149 2192 196 2268 είς
218 2191 278 2256 τὸν
300 2193 447 2274 πόλεμον
470 2189 646 2272 ἐπιτήδεια.
689 2183 739 2267 οἷς
761 2192 999 2268 πιστεύσαντες
1024 2191 1149 2274 ε’θάρρη-

149 2316 213 2363 σαν
235 2303 415 2383 προελθεῖν
439 2295 476 2361 ἐκ
497 2306 555 2380 τῆς
577 2298 714 2379 πόλεως,
739 2299 880 2382 δύναμις
904 2297 945 2362 οὐ
970 2299 1088 2384 μικροί,
1108 2293 1149 2360 καὶ

110 2423 136 2462 20
150 2414 326 2470 ποιοῦνται
353 2404 580 2490 στρατόπεδον
607 2404 644 2468 ἐν
667 2404 833 2491 ὑπαίθρῳ.
879 2403 897 2469 ὁ
922 2399 985 2487 μὲν
1012 2405 1054 2486 δὴ
1077 2425 1149 2484 περι-

149 2513 314 2595 τειχισμὸς
337 2508 448 2576 οὐκέτι
470 2521 540 2586 τοῖς
558 2505 729 2593 Ῥωμαίοις
747 2512 907 2595 χρήσιμος
925 2505 980 2592 ἦν,
1006 2510 1110 2574 ἐδόκει
1126 2503 1148 2570 δ’

150 2615 278 2699 ἀγῶνος
306 2619 393 2682 δεῖν·
429 2613 484 2681 καὶ
511 2617 638 2696 γίνεται
665 2619 808 2698 πλησίον
836 2625 893 2699 τῆς
920 2618 1051 2692 πόλεως
1078 2614 1147 2698 μάχη

148 2721 244 2807 μέχρι
272 2724 363 2798 τινὸς
391 2722 598 2806 ἀγχώμαλος·
635 2723 745 2786 ἔπειτα
772 2721 838 2786 ὑπὸ
866 2729 926 2786 τοῦ
950 2723 1180 2806 ταλαιπώρουνθ

148 2839 214 2894 τῶν
228 2824 409 2913 Ῥωμαίων,
428 2828 446 2892 ὃ
462 2829 517 2892 διά
532 2828 593 2911 την
605 2828 734 2911 πολλὴν
749 2829 890 2912 ἀσκησιν
906 2827 1022 2905 αὐτοῖς
1035 2837 1150 2913 περιῆν,

107 2953 133 2994 25
147 2933 380 3020 ἐκβιασθέντες
412 2935 447 3000 οί
480 2935 658 3016 Φιδηναῖοι
694 2937 829 3011 πλείους
863 2937 958 3012 ὄντες
985 2930 1043 3000 ὑπ’
1075 2937 1149 3000 ἐλατ-

112 3044 256 3109 3τόνων
290 3043 338 3119 είς
374 3041 487 3125 φυγην
518 3039 730 3123 κατέστησαν.
781 3043 887 3124 φόνος
919 3039 950 3106 δ’
988 3043 1029 3107 ού
1061 3043 1150 3116 πολὺς

221 3197 327 3251 1κατά
346 3199 395 3252 τὸν
414 3195 630 3266 ίππόδρομονΒ
695 3200 853 3267 6γεμίνιος
871 3199 896 3251 Α
933 3199 1090 3270 ηομῖνοςΒ
1138 3202 1148 3248 λ

149 3263 273 3336 ἕβούτιος
292 3264 424 3338 ἐλαελβας
441 3267 493 3319 ΑΒ
522 3283 590 3320 corr.
610 3267 767 3321 Glareanus
786 3269 875 3323 altero
895 3269 960 3324 loco
980 3267 1148 3343 αίβούτιοςΒ

149 3341 165 3385 9
185 3335 222 3400 μή
240 3355 267 3388 τι
285 3341 456 3405 νεωτερισθῇ
476 3333 507 3390 ἐκ
526 3345 581 3391 τῶν
599 3353 622 3391 ο.
643 3337 731 3392 Cobet
750 3338 815 3393 Obs.
835 3359 862 3409 p.
884 3347 934 3395 103
1016 3349 1048 3396 10
1068 3335 1149 3395 ούετέ

151 3419 209 3463 ριος
226 3403 250 3452 Β
332 3412 364 3458 16
388 3402 457 3470 ἧκεν
475 3406 550 3459 ABb
587 3405 667 3476 ἥκειν
686 3408 732 3462 Ba
813 3417 846 3465 23
870 3409 953 3483 μέχρι
974 3411 1025 3482 μέν
1043 3431 1117 3473 τινος
1132 3425 1148 3461 0·

151 3465 251 3532 Pflugk
265 3473 271 3536 Ι
286 3475 503 3546 ταλ<αι>πάρου
521 3476 544 3528 Β
