2400 3912
126 219 171 284 24
554 225 718 272 -Δ-

125 384 166 448 τά
194 378 256 467 μὲν
282 385 399 449 παιδία
428 384 594 468 οίχήσεται
616 383 678 464 τήν
696 385 795 448 πόλιν
818 381 900 466 ὑμῖν
922 384 1139 448 καταλιπόντα
1191 381 1192 384 ’

126 485 182 552 καὶ
210 489 231 572 ή
259 490 342 573 άλλη
370 491 561 575 Ταρκυνίου
588 487 779 572 συγγένεια·
812 489 877 572 ἐγὼ
905 486 939 555 δ’
971 487 1086 575 ἕτερόν
1111 512 1140 552 τι

127 596 353 680 βουλεύσομαι
371 597 607 681 γενναιότερον
625 591 708 680 ὑπὲρ
727 595 886 680 ἐμαυτοῦ·
909 599 1067 680 βεβίωται
1080 596 1140 680 γάρ

128 702 193 786 ήδη
218 727 274 787 μοι
297 701 353 768 καὶ
375 704 457 789 πρὸς
481 702 602 787 ἀρετήν
623 699 679 767 καὶ
697 702 781 788 πρὸς
798 702 955 782 εὐδοξίαν
972 703 1140 788 ἀποχρών-

101 824 192 885 5τως
223 806 278 875 καὶ
311 808 373 874 οὐκ
405 807 447 874 ἀν
479 806 654 892 ἀξιώσαιμι
685 818 742 892 τῆς
773 806 851 902 παρ’
882 810 978 894 ὑμῶν
1010 809 1141 884 εὐνοίας

128 917 298 996 ψευσθείς,
316 914 360 997 ἣν
379 913 455 980 ἀντὶ
472 916 596 991 παντὸς
614 915 752 1000 είλόμην
766 917 910 1000 ἀγαθοῦ,
930 919 987 1000 ζῆν
1002 916 1142 1001 αίσχρῶς

129 1017 167 1084 ἐν
190 1021 303 1097 ἀλλοις
325 1023 401 1086 τισί.
438 1021 643 1107 παραλάβετε
667 1022 709 1106 δή
732 1025 790 1100 τὰς
814 1023 960 1110 ῥάβδους
982 1019 1038 1087 καὶ
1058 1022 1141 1104 δότε,

130 1126 163 1188 εί
176 1127 354 1209 βούλεσθε,
372 1136 442 1203 τοῖς
454 1130 653 1212 πατρικίοις·
677 1127 741 1210 ἐγὼ
757 1123 788 1192 δ’
806 1127 885 1213 ὑμίν
900 1129 962 1194 οὐκ
976 1127 1142 1212 ἐνοχλήσω

127 1231 253 1316 παρών.

90 1373 116 1412 10
196 1354 268 1420 XII.
308 1359 419 1420 Ταῦτα
450 1354 606 1438 λέγοντος
633 1356 738 1421 αὐτοῦ
760 1355 815 1422 καὶ
837 1367 1048 1445 παραχωρεῖν
1072 1357 1143 1422 οἵου
1192 1381 1193 1444 η

130 1484 166 1525 τε
197 1463 296 1538 ὄντος
325 1461 389 1527 ἀπὸ
419 1471 480 1527 τοῦ
507 1464 652 1546 βήματος
678 1466 807 1549 κραυγή
833 1484 870 1528 τε
896 1465 986 1549 παρὰ
1012 1463 1144 1528 πάντων
1192 1451 1193 1522 s

133 1566 276 1646 ἐξαίσιος
299 1567 426 1650 ἐγίνετο
449 1566 504 1633 καὶ
524 1569 654 1650 δεήσεις
673 1567 871 1654 μεμιγμέναι
889 1571 1064 1656 δάκρυσιν,
1089 1569 1184 1634 ’ίναόοι

132 1672 215 1759 μένη
238 1672 352 1738 τεκαὶ
376 1671 551 1758 διακατέχῃ
574 1677 614 1738 τά
637 1675 811 1762 πράγματα
833 1674 961 1760 μηδένα
980 1677 1144 1752 δεδοικώς.

134 1775 234 1845 ἔπειτ’
256 1778 467 1862 ἐγκέλευστοί
486 1802 574 1858 τινες
598 1782 806 1866 διειληφότες
828 1783 890 1866 τήν
909 1782 1036 1868 ἀγοράν
1055 1786 1146 1866 βασι-

94 1905 119 1945 15
133 1886 192 1953 λέα
224 1896 334 1951 ποιεῖν
361 1886 464 1952 αὐτὸν
492 1887 599 1971 ἐβόων
626 1886 682 1953 καὶ
710 1893 888 1971 συγκαλεῖν
914 1891 972 1966 τάς
1000 1889 1147 1975 φράτρας

133 1991 250 2076 ἠξίουν
273 1991 329 2058 καὶ
346 2002 462 2078 ψήφου
480 1993 593 2081 ᾔτουν.
627 1992 820 2079 ἀρξαμένων
839 1991 877 2060 δὲ
894 1997 1024 2061 τούτων
1044 1996 1147 2073 εὐθὺς

133 2100 151 2164 ὁ
187 2101 291 2184 δῆμος
323 2100 407 2177 ἅπας
440 2098 492 2165 ἐπὶ
523 2110 582 2184 τῆς
614 2101 715 2185 αὐτῆς
741 2100 964 2188 προαιρέσεως
992 2101 1147 2186 ἐγεγόνει.

96 2207 229 2271 2τοῦτο
248 2206 452 2292 καταμαθὼν
472 2206 490 2271 ό
509 2209 650 2283 Τύλλιος
669 2206 779 2274 οὐκέτι
796 2216 922 2294 παρήκε
940 2209 1000 2273 τὸν
1017 2213 1147 2296 καιρόν,

135 2313 218 2379 ἀλλά
237 2315 360 2391 πολλάς
380 2313 493 2389 αὐτοῖς
511 2312 637 2378 είδέυαι
651 2316 761 2398 φήσας
774 2313 919 2398 χάριτας,
939 2315 990 2380 ὅτι
1003 2313 1149 2400 μέμνην·

92 2439 119 2479 ω
132 2443 186 2484 ται
221 2430 289 2485 τῶν
326 2419 540 2503 εὐεργεσιῶν,
577 2417 632 2484 καὶ
669 2421 717 2483 ἔτι
749 2422 887 2485 πλείονα
920 2421 1151 2508 ὑποσχόμενος

133 2525 246 2606 ἀγαθά
268 2526 436 2608 ποιήσειν,
464 2524 522 2590 έάν
545 2525 648 2590 αὐτὸν
674 2525 873 2604 ἀποδείξωσι
896 2526 1044 2612 βασιλέα,
1068 2551 1149 2613 προ·
1193 2561 1194 2622 χ

134 2641 225 2695 είπεν
253 2628 380 2715 ἡμέραν
407 2629 644 2717 ἀρχαιρεσιῶν,
674 2632 721 2708 είς
747 2632 791 2715 ἣν
818 2631 969 2698 ἐκέλευσε
990 2632 1047 2700 καὶ
1071 2638 1151 2712 τούς
1193 2645 1194 2692 ἰ

98 2735 169 2803 3έκ
192 2745 260 2800 τῶν
283 2735 395 2822 ἀγρῶν
418 2736 565 2813 ἅπαντας
587 2749 750 2823 παρεῖναι.
788 2741 1014 2817 συνελθόντος
1034 2737 1072 2807 δὲ
1089 2751 1154 2807 τοῦ

133 2843 242 2928 δήμου
274 2846 386 2907 καλῶν
417 2843 475 2919 τάς
507 2843 657 2930 φράτρας
688 2845 771 2908 κατά
798 2847 878 2928 μίαν
905 2845 1065 2913 ἀνεδίδου
1092 2850 1154 2924 τάς

93 2953 276 3034 εεήήφονς.
314 2948 455 3025 ἀπάσαις
483 2946 520 3013 δὲ
544 2960 615 3027 ταῖς
638 2951 801 3038 φράτραις
823 2950 953 3037 κρνδελς
975 2963 1033 3037 τῆς
1056 2957 1153 3039 βασι-

205 3124 348 3195 ΙύμῖνΒ
385 3125 463 3194 ὑμῶν
481 3124 507 3176 R
584 3125 851 3251 ὄάξιάσ<αιξμιΒ
929 3129 1109 3199 ΒΜαρκίοις
1129 3147 1152 3182 ο.

131 3195 277 3265 Kiessh'ng
333 3202 365 3250 10
383 3214 462 3267 παρα
481 3203 563 3266 ωρεῖν
581 3196 634 3249 ΑΒ
651 3203 655 3266 Ι
672 3199 733 3252 οἴου
763 3197 833 3260 ’ντος
852 3197 975 3252 Sintenis
991 3198 1051 3254 Em.
1066 3199 1153 3254 Dion.

132 3265 225 3321 11128
282 3274 314 3322 12
335 3261 442 3337 ἐγίνετο
461 3216 507 3320 δί)
545 3263 666 3336 έγείνετο
686 3267 732 3323 Βιι
760 3264 869 3337 ἐγένετο
888 3269 914 3323 R
970 3276 1002 3324 13
1022 3272 1058 3324 δι.
1078 3291 1154 3326 ακα-

133 3333 241 3406 τέχηΒ
304 3343 337 3391 16
356 3344 449 3392 ποιεῖν
473 3339 534 3392 δεῖν
557 3355 580 3391 ο.
600 3340 702 3393 Portus
766 3345 800 3394 21
820 3339 949 3408 ποιήσειν
973 3340 1079 3395 add&
1122 3337 1154 3395 εὐ

132 3406 305 3529 ιέιρέἒήσειέο.
324 3406 426 3462 Garrer
445 3406 510 3462 Obs.
528 3426 556 3476 p.
575 3415 608 3462 73
664 3415 697 3464 23
718 3403 864 3465 ἐκυδάΒ
919 3417 954 3467 24
973 3412 1110 3466 ἀνεδίδου
1130 3411 1156 3463 Β

199 3495 232 3530 ου
