2400 3912
127 186 170 250 36
556 189 718 238 -A-

33 355 36 360 “
126 351 205 424 τοὺς
233 348 440 432 δημοτικούς.
476 343 520 432 ἦν
544 346 641 414 δὲτὸ
664 347 892 433 πλεονέκτημα
915 343 993 433 περὶ
1014 348 1072 423 τάς
1091 345 1130 412 ἐκ·

127 456 276 537 κλησίας,
300 453 337 519 ἐν
356 446 408 532 αἷς
425 455 466 520 τά
484 453 622 538 μέγιστα
641 454 842 540 ἐπεκυροῦτο
862 454 928 520 ὑπὸ
947 462 1009 520 τοῦ
1029 455 1130 538 δήμου.

93 561 255 644 2είρηται
279 560 319 627 δέ
339 585 396 646 μοι
419 559 475 626 καὶ
498 564 673 648 πρότερον,
699 562 751 627 ὅτι
773 571 877 647 τριῶν
899 561 1099 648 πραγμάτων
1118 561 1131 626 ὁ

129 669 232 752 δῆμος
256 666 377 734 ἐκτῶν
395 674 545 734 παλαιῶν
564 671 679 753 νόμον
697 669 813 754 κύριος
831 665 874 753 ἦν
893 679 962 734 τῶν
982 671 1132 753 μεγίσταν

104 794 161 838 ετε
189 773 245 839 καί
273 774 556 857 ἀναγκαιοτάτων,
590 774 692 861 ἀρχάς
722 773 893 853 ἀποδεῖξαι
920 775 980 852 τάς
1006 797 1043 839 τε
1065 775 1134 840 κατά

127 884 226 946 πόλιν
254 878 310 945 καί
332 882 390 957 τάς
413 879 466 946 ἐπὶ
491 882 734 968 στρατοπέδου,
757 880 813 948 καὶ
835 885 963 966 νόμους
985 884 1064 956 τοὺς
1085 876 1135 965 μὲν

128 987 346 1072 ἐπικυρῶσαι,
374 990 453 1064 τοὺς
477 982 508 1052 δ’
531 988 678 1072 ἀνελεῖν,
705 987 762 1054 καὶ
784 986 860 1075 περὶ
883 986 1032 1073 πολέμου
1055 1003 1135 1053 συνι-
1191 1057 1192 1066 ¹

128 1091 294 1176 σταμένου
315 1116 350 1159 τε
368 1091 423 1158 καὶ
441 1094 692 1180 καταλυομένου
712 1097 905 1180 διαγνῶναι.
935 1097 996 1179 τὴν
1017 1091 1054 1160 δέ
1072 1090 1167 1177 περὶολλ

128 1200 258 1264 τούτων
287 1200 461 1279 διάσκεψιν
487 1199 543 1266 καὶ
571 1205 682 1288 κρίσιν
711 1202 853 1268 ἐποιεῖτο
876 1203 960 1267 κατὰ
983 1202 1042 1278 τάς
1064 1200 1136 1286 φρά-
1191 1270 1192 1278 ¹

93 1334 119 1372 10
128 1329 208 1392 τρας
236 1316 463 1391 ψηφοφορῶν·
499 1305 556 1372 καὶ
583 1303 669 1390 ἦσαν
698 1309 733 1374 οἱ
753 1309 931 1395 τάλάχιστα
954 1306 1138 1392 κεκτημένοι

128 1423 198 1490 τοϊς
229 1413 287 1490 τάς
319 1415 474 1498 μεγίστας
502 1417 637 1500 ἔχουσιν
666 1414 782 1492 οὐσίας
811 1417 988 1500 ἰσόψηφοι·
1026 1414 1138 1497 ὀλίγον
1186 1410 1190 1452 ¹¹

129 1516 162 1583 δ’
190 1522 314 1604 ὄντων,
338 1521 448 1605 ὥσπερ
472 1522 574 1604 εἰκός,
598 1532 666 1587 τῶν
688 1524 871 1606 πλουσίων,
896 1522 931 1588 οί
950 1519 1138 1606 πένητεςέν

128 1638 200 1702 ταῖς
236 1629 468 1711 ψηφοφορίαις
504 1627 707 1712 ἐπεκράτουν
739 1637 854 1718 μακρςό
887 1633 1024 1706 πλείους
1056 1630 1138 1702 ὄντες
1187 1610 1193 1683 δ

96 1732 278 1800 3ἐκείνών.
319 1741 418 1797 τοῦτο
449 1734 599 1798 συνιδὼν
632 1734 650 1800 ὁ
682 1736 824 1812 Τύλλιος
855 1733 908 1801 ἐπὶ
940 1737 1021 1811 τοὺς
1047 1739 1139 1799 πλον-

97 1864 121 1903 15
132 1842 226 1914 σίους
259 1841 419 1922 μετέθηκε
450 1840 488 1904 τὸ
522 1850 590 1904 τῶν
622 1844 746 1925 ψήφων
777 1842 906 1926 κράτος.
953 1841 1053 1936 ὁπότε
1083 1841 1140 1924 γάρ

111 1945 233 2030 ,ἀρχάς
256 1944 489 2012 ἀποδεικνύειν
513 1947 533 2032 ἣ
557 1945 633 2033 περὶ
656 1952 763 2033 νόμου
787 1949 1023 2033 διαγινώσκειν
1046 1947 1065 2032 ἢ
1090 1948 1142 2013 πά-

131 2057 233 2135 λεμον
263 2050 416 2136 ἐκφέρειν
446 2051 574 2131 δόξειεν
604 2053 708 2142 αὐτῷ,
741 2055 803 2138 την
830 2061 958 2139 λοχῖτιν
989 2052 1064 2120 ἀντὶ
1091 2061 1142 2135 της

132 2165 316 2243 φρατρικῆς
339 2164 485 2240 συνῆγεν
508 2156 692 2242 ἐκκλησίαν.
730 2158 839 2225 ἐκάλει
858 2157 891 2225 δ’
914 2160 961 2236 είς
979 2158 1143 2244 ἀπόφασιν

132 2265 265 2349 γνώμης
292 2265 444 2350 πρώτους
471 2260 532 2348 μέν
561 2267 681 2348 λόγους
708 2268 786 2342 τοὺς
815 2266 879 2331 άπὸ
905 2276 968 2332 ,τοῦ
991 2268 1143 2350 μεγίστου

96 2396 123 2436 ιο
132 2375 311 2456 τιμήματος
334 2369 620 2455 καταγραφέντας,
650 2370 686 2436 ἐν
711 2365 760 2448 οἷς
782 2368 870 2456 ἦσαν
894 2373 984 2439 οἵτε
1007 2383 1074 2442 τῶν
1099 2373 1145 2437 ίπ-
1193 2410 1194 2450 ρ

25 2499 26 2504 ’
94 2483 120 2543 ’4
134 2478 223 2542 κέων
243 2477 464 2542 ὀκτωκαίδεκα
483 2474 538 2541 καὶ
558 2478 593 2542 οί
604 2487 672 2542 τῶν
686 2481 793 2556 πεζῶν
807 2478 1025 2562 ὀγδοήκοντα.
1055 2467 1194 2546 οὗτοιθιι

134 2579 223 2665 τρισὶ
263 2585 398 2660 πλείους
436 2583 530 2660 ὄντες
567 2593 635 2648 τῶν
672 2583 944 2669 ὑπολειπομένων
982 2586 1014 2650 εί
1048 2585 1145 2649 ταύτὸ
1193 2671 1194 2676 ¹

134 2689 356 2772 φρονήσειαν,
385 2687 546 2773 ἐκράτουν
573 2699 640 2754 τῶν
669 2687 789 2776 ἐτέρων
817 2688 874 2755 καὶ
900 2689 994 2768 τέλος
1018 2686 1104 2776 εἶχεν
1127 2690 1146 2773 ἡ

134 2796 265 2880 γνώμη·
290 2796 321 2860 εί
343 2790 380 2860 δέ
402 2797 446 2879 μὴ
470 2794 622 2879 γένοιντο
646 2793 700 2861 ἐπὶ
722 2805 779 2879 τῆς
802 2796 904 2881 αὐτῆς
925 2797 1147 2884 προαιρέσεώς

99 2903 278 2979 ντάποιντες
302 2895 406 2984 οὗτοι,
429 2904 502 2967 τότε
525 2903 604 2978 τοὺς
627 2900 691 2967 άπὸ
713 2911 774 2967 τοῦ
793 2889 953 2990 δευτέρου
970 2908 1148 2990 τιμήματος

135 3017 241 3076 εἴκοσι
274 3006 329 3072 καὶ
362 3007 424 3072 δύο
456 3009 576 3092 λόγους
608 3007 723 3074 ἐκάλει.
769 3017 994 3094 μερισθεισῶν
1027 3008 1064 3076 δὲ
1094 3007 1148 3074 καὶ

206 3221 431 3306 λέπεκυροῦντο
456 3234 478 3289 O
504 3251 573 3291 corr.
596 3236 740 3306 Kiessling
812 3244 828 3292 5
852 3237 925 3292 κατὰ
946 3238 998 3308 τὴν
1021 3239 1102 3295 πολιν
1124 3253 1149 3291 ο

136 3308 293 3362 Ambrosch
315 3307 387 3361 adl
408 3307 463 3362 119
541 3306 699 3377 θδιάσκεψ
701 3327 729 3363 ιν
721 3255 796 3362 8κοιλ
815 3324 868 3363 om
888 3309 911 3361 B
999 3317 1032 3365 10
1050 3323 1149 3380 ψηφη-

137 3386 235 3466 φορῶν
253 3377 301 3430 Bb
364 3377 420 3431 *τὰ
439 3373 611 3500 ἐλάχΒιστοιΟ
680 3386 713 3434 22
733 3378 812 3442 ὅντες
830 3380 895 3436 add.
914 3380 957 3450 131
953 3381 1059 3454 λτρισὶ]
1077 3387 1150 3451 τρεῖς

137 3400 371 3516 ηΟμικολοιΒ
408 3449 479 3510 είςτο
525 3464 542 3502 ε
579 3447 606 3502 εέ
621 3449 716 3519 τὸΒΙ
733 3451 784 3505 *τὸ
804 3451 915 3507 ambo
