2400 3912
525 249 689 298 -ι-
1074 247 1115 310 11

97 407 275 492 γράφοντα
302 409 381 484 τοὺς
407 409 536 485 παῖδας.
573 409 763 475 παντάπασι
785 409 849 494 γὰρ
873 406 1118 495 ἀπερισκέπτως

97 511 156 578 καὶ
178 513 341 598 ῥᾳθύμως
364 514 400 580 οί
420 525 626 602 συγγραφεῖς
647 513 766 600 <περὶ>
789 514 902 580 αὐτῶν
923 515 1050 600 ταύτην
1069 514 1118 594 ἐξ·

98 623 279 705 ενηνόχασι
310 621 373 705 τὴν
404 621 555 707 ἱστορίαν
583 618 684 687 οὐδὲν
712 620 902 706 ἐξητακότες
927 632 996 688 τῶν
1024 621 1118 688 ἀναι-

98 728 255 812 ρούντων
277 726 383 811 αὐτὴν
406 727 581 794 ἀδυνάτων
602 751 637 794 τε
655 726 711 794 καὶ
729 728 876 794 ἀτόπων·
910 724 958 795 ὧν
977 727 1118 795 ἕκαστον

98 832 166 917 ἐγὼ
184 833 384 920 πειράσομαι
396 844 533 918 ποιῆσαι
546 837 697 921 φανερὸν
711 832 755 901 δι’
773 836 905 920 ὀλύμων.
933 835 1118 920 Ταρκύνιος
1131 798 1154 912 Ξ

100 939 137 1005 ἐκ
161 943 351 1027 Τυρρηνίας
374 943 607 1026 μετανίσταται
629 943 689 1007 τὸν
712 937 808 1008 οἶκον
831 943 912 1008 ὅλον
936 941 1118 1008 ἀνασκευα-

97 1045 245 1130 σάμενος
268 1046 305 1113 ἐν
327 1055 368 1133 τῇ
391 1050 548 1134 κρατίστῃ
571 1057 633 1114 τοῦ
656 1059 797 1135 φρονείν
819 1047 978 1133 ὑπάρχων
995 1048 1117 1133 ἡλικίη.

97 1153 337 1219 πολιτεύεσθαι
364 1155 428 1240 γάρ
453 1155 518 1238 ἤδη
542 1150 597 1219 καί
620 1155 735 1238 ἄρχειν
757 1152 813 1221 καὶ
835 1155 876 1219 τὰ
898 1155 996 1219 κοινά
1017 1154 1118 1240 πράτ-

97 1279 171 1334 τειν
195 1257 298 1337 ἀξιῶν
320 1260 553 1344 παραδίδοται,
576 1257 717 1342 καλιὴν
740 1260 886 1346 άπαρσιν
909 1259 1040 1326 ἐκεῖθεν
1062 1280 1118 1326 πε-

96 1363 282 1449 ποιημένος
314 1366 434 1431 διὰτὸ
463 1367 625 1451 μηδεμιᾶς
652 1364 689 1430 ἐν
715 1373 755 1450 τη
782 1368 877 1432 πόλει
904 1375 999 1450 τιμῆς
1022 1386 1117 1451 μετα·
1132 1385 1158 1425 1⁰

97 1471 292 1555 λαμβάνειν.
330 1470 442 1559 ἕτερος
464 1468 525 1556 μὲν
549 1466 612 1538 οὖν
635 1473 678 1537 άν
700 1495 751 1548 τις
773 1471 876 1537 αὐτὸν
898 1471 1044 1538 ὑπέθετο
1061 1471 1152 1539 καὶ3

96 1572 299 1664 τριακοστὸν
331 1581 405 1655 ἔτος
432 1581 551 1661 ἔχοντα
578 1578 813 1663 τούλάχιστον,
848 1571 897 1642 ὅτ’
928 1577 1054 1664 ἀπῆρεν
1082 1579 1119 1644 ἐκ

47 1686 307 1771 οεεΤυρρηνίας·
354 1683 419 1749 άπὸ
455 1685 577 1767 ταύτης
608 1686 673 1769 γάρ
705 1685 741 1750 οί
769 1687 869 1769 νόμοι
900 1693 959 1768 τῆς
989 1683 1119 1770 ἡλικίας

97 1795 262 1856 καλοῦσιν
286 1790 331 1867 ὡς
354 1787 407 1856 ἐπὶ
429 1791 467 1854 τὸ
490 1792 577 1856 πολὺ
599 1792 680 1867 τοὺς
702 1791 817 1876 άρχειν
835 1788 943 1856 τεκαὶ
961 1790 1120 1877 πράττειν

98 1896 330 1982 βουλομένους
347 1897 387 1962 τά
405 1896 516 1963 κοινά·
540 1896 604 1981 ἐγὼ
624 1894 655 1963 δ’
673 1899 721 1964 ἔτι
739 1898 905 1983 νεώτερον
920 1897 1023 1963 αὐτὸν
1036 1897 1118 1963 ὑπο·
1133 1915 1158 1956 1⁶

97 2007 237 2089 τίθεμαι
260 2002 359 2069 πέντε
382 2003 474 2080 ὅλοις
496 2005 594 2087 έτεσι,
617 2001 673 2068 καὶ
694 2015 780 2070 ποιῶ
803 2005 947 2070 κατὰτὸ
970 2002 1119 2089 πέμπτον

98 2110 157 2178 καὶ
175 2112 327 2178 είκοστὸν
346 2113 419 2188 ἔτος
437 2110 714 2196 ἀπανιστάμενον.
746 2109 803 2176 καλ
820 2111 888 2194 μην
906 2111 958 2176 ὅτι
975 2122 1119 2195 γυναῖκα

106 2220 299 2304 Τυρρηνίδα
322 2215 514 2302 ἐπηγάγετο,
537 2217 581 2300 ἣν
605 2220 725 2296 ζῶντος
748 2219 796 2281 δτι
818 2225 879 2282 τοῦ
902 2218 1026 2302 πατρὸς
1044 2220 1119 2302 ἔγη-

99 2349 179 2411 μεν,
206 2325 351 2401 ἅπαντες
379 2323 603 2408 ὁμολογοῦσιν
631 2324 666 2389 οί
690 2324 748 2400 τάς
766 2318 947 2407 Ῥωμαϊκὰς
974 2324 1119 2408 συγγρά-

100 2443 226 2511 ψαντες
258 2431 412 2517 ίστορίας.
454 2432 672 2516 παραγίνεται
704 2425 734 2493 δ’
767 2430 815 2505 είς
840 2423 970 2512 Ῥώμην
993 2407 1159 2521 ’Ἁμκουξο

100 2540 262 2619 Μαρκίου
291 2537 542 2620 βασιλεύοντος,
572 2536 617 2613 ὡς
644 2531 706 2621 μέν
729 2533 868 2612 Γέλλιος
891 2534 1019 2622 ίστορεῑ
1037 2538 1120 2602 κατά

99 2646 160 2711 τὸν
188 2654 324 2729 πρῶτον
347 2643 502 2710 ἐνιαυτὸν
524 2652 583 2727 τῆς
605 2644 789 2726 βασιλείας,
817 2641 863 2719 ὡς
886 2638 924 2707 δὲ
946 2645 1121 2720 Λικίννιος

98 2750 225 2836 γράφει
251 2750 334 2814 κατά
361 2751 421 2815 τὸν
448 2751 582 2833 ὄγδοον.
620 2751 704 2814 ἔστω
733 2749 774 2831 δη
797 2750 880 2814 κατὰ
902 2759 1024 2816 τοῦτον
1047 2748 1120 2833 έλη-

101 2857 218 2932 λυθὼς
244 2856 305 2920 τὸν
333 2854 504 2939 ἐνιαυτόν,
533 2851 613 2919 καθ’
640 2853 680 2919 ὃν
703 2854 825 2940 γράφει
848 2859 1037 2939 Λικίννιος,
1065 2853 1121 2920 καὶ

100 2963 145 3048 μὴ
172 2963 353 3049 πρότερον·
386 2961 423 3027 ἐν
450 2959 579 3050 ὑστέρῳ
607 2957 669 3045 μέν
696 2963 759 3047 γάρ
783 2961 845 3027 οὐκ
868 2960 911 3027 άν
934 2968 985 3046 εἴη
1008 2963 1118 3048 χρόνῳ
1133 2977 1159 3018 ιε

100 3069 354 3154 παραγεγονώς,
383 3073 451 3152 είγε
481 3068 522 3152 δη
549 3068 632 3134 κατὰ
658 3069 719 3133 τὸν
742 3071 860 3134 ἔνατον
885 3067 1040 3134 ἐνιαυτὸν
1062 3076 1120 3150 τῆς

173 3295 276 3367 λπερὶ
294 3313 347 3351 om.
367 3295 419 3348 AB
480 3294 545 3351 6δ’
562 3291 635 3351 έκΒ
672 3295 707 3365 δὴ
728 3290 759 3350 έκ
779 3311 801 3350 ο.
821 3292 965 3364 Kiessling
1021 3301 1054 3348 10
1072 3301 1121 3364 τῆς

100 3367 220 3438 τιμήςΑ
278 3374 309 3421 11
328 3368 469 3422 ὑποδοϊτο
488 3384 511 3422 ο.
531 3367 669 3422 ΒδελιοΙοε
725 3373 756 3421 12
777 3361 826 3490 έκᾶ
841 3365 942 3420 άτιδΑ
997 3371 1031 3419 13
1050 3365 1119 3436 άπὸ]

101 3438 155 3510 πρὸ
174 3437 249 3493 Prou
312 3443 345 3494 14
363 3438 519 3494 κωλύουσιν
538 3441 611 3494 Prou
628 3442 633 3509 Ι
649 3433 696 3493 έπλ
714 3439 784 3493 πολὺ
885 3443 920 3492 20
939 3433 1012 3492 δέΒ
1086 3441 1120 3490 21

102 3509 321 3580 βασιλεύσαντος
340 3513 363 3566 Α
