2384 3902
132 197 199 270 250'
560 207 725 256 -Ε-

59 391 63 398 ·
133 367 216 433 ἀλλὰ
234 368 294 432 τὸν
312 365 440 448 ἕτερον·
468 363 524 432 καὶ
537 364 738 452 κατέτριψαν
752 365 835 448 ὅλην
849 365 911 447 τὴν
925 360 1052 447 ἡμέραν
1065 361 1135 427 ἐκεί

131 497 196 557 νην
227 474 286 550 τάς
318 473 472 558 ἀλληλεον
504 472 622 559 ἀρετάς
653 471 935 558 ἐξαριθμούμενοι
966 467 1022 534 καὶ
1053 473 1135 533 λιπα·

133 589 271 664 ροῦντες
298 579 342 664 μὴ
371 583 487 663 λαβεῖν
514 576 702 661 αὐτοὶτην
724 576 845 664 ἀρχήν,
874 577 958 641 ὥστε
982 575 1019 640 ἐν
1041 579 1134 658 πολλῇ

131 683 291 769 γενέσθαι
323 687 402 763 τοὺς
434 686 472 751 ἐν
502 694 548 773 τςό
582 686 748 771 συνεδρίῳ
777 684 946 768 παρόντας
973 680 1133 767 ἀμηχανίη.

97 773 118 888 ⁸⁹}
133 793 351 874 διαλυθείσης
375 786 412 856 δέ
434 799 492 875 τῆς
514 794 638 876 βουλῆς
656 790 692 855 οί
707 791 933 876 προσήκοντες
951 787 1034 852 κατὰ
1051 786 1134 869 γένος

132 895 290 986 έκατέρςο,
321 895 377 962 καὶ
410 907 477 963 τῶν
509 899 620 963 ἀλλον
651 901 844 981 βουλευτῶν
876 895 912 960 οί
942 893 1133 977 ἐντιμότατοι

131 1004 215 1089 πρὸς
241 1005 300 1068 τὸν
323 1003 474 1088 Λάρκιον
502 1003 701 1088 ἀφικόμενοι
727 1003 852 1079 πολλὰς
879 1000 1057 1066 ἐποιοῦντο
1084 1007 1132 1064 τοῦ

131 1108 256 1196 ἀνδρὸς
283 1111 360 1196 ἀχρι
387 1114 512 1192 πολλῆς
539 1110 659 1186 νυκτὸς
687 1110 817 1193 δεήσεις
844 1107 1073 1188 διδάσκοντες,
1098 1105 1133 1181 ὡς

132 1214 168 1280 έν
197 1215 312 1303 ἐκείνῳ
340 1217 398 1292 τάς
425 1215 561 1292 ἐλπίδας
588 1215 609 1299 η
637 1215 743 1299 βουλὴ
772 1212 919 1280 τέθειται
941 1214 1061 1294 πάσας,
1088 1208 1132 1275 καὶ

94 1343 119 1382 ιο
132 1323 169 1387 τὸ
194 1321 429 1387 ἀσπούδαστον
453 1321 557 1386 αὐτοῦ
579 1319 655 1407 περὶ
678 1323 740 1405 τὴν
763 1320 869 1407 ἀρχὴν
891 1321 1043 1404 πονηρὸν
1060 1312 1132 1382 εἶναι

131 1435 177 1517 τῷ
211 1436 313 1516 κοινῷ
347 1426 508 1511 λέγοντες.
555 1428 573 1493 ὁ
607 1426 637 1493 δ’
665 1423 709 1512 ἦν
740 1427 858 1512 ἀτενὴς
889 1425 1078 1500 καὶπολλὰ
1103 1423 1131 1488 ἐν

131 1532 224 1620 μέρει
248 1536 404 1618 δεόμενός
426 1557 461 1599 τε
484 1532 540 1600 καὶ
558 1533 746 1617 ἀντιβολῶν
765 1532 904 1599 ἕκαστον
925 1531 1069 1597 διετέλει
1099 1538 1129 1614 τῇ

80 1699 90 1734 ·.
133 1635 162 1705 δ’
181 1638 254 1724 ἑξῆς
271 1639 377 1728 ἡμέρᾳ
394 1641 496 1706 πάλιν
509 1649 570 1706 τοῦ
583 1641 765 1724 συνεδρίου
780 1638 1020 1724 συναχθέντος,
1035 1636 1128 1717 ἐπειδὴ

131 1743 186 1811 καὶ
218 1748 291 1812 τότε
320 1747 491 1832 διεμάχετο
519 1745 575 1811 καί
601 1748 802 1830 πειθόμενος
829 1745 894 1810 ὑπὸ
922 1746 1057 1810 πάντων
1079 1742 1173 1807 οάιιιοιῐ

93 1871 119 1912 ιε
134 1851 295 1934 ἀφίστατο
318 1861 375 1936 τῆς
398 1855 543 1938 γνώμης,
567 1852 711 1929 ἀναστὰς
734 1837 925 1928 όΚλοίλιος
948 1849 1128 1936 ἀναγορεύει

131 1954 163 2023 τ’
190 1958 305 2042 αὐτόν,
328 1959 438 2046 ὥσπερ
462 1961 627 2024 εἰώθεσαν
647 1970 757 2025 ποιεῖν
776 1959 812 2023 οί
827 1961 1066 2047 μεσοβασιλεῖς,
1085 1951 1128 2020 καὶ

130 2064 193 2147 την
215 2064 375 2130 ὑπατείαν
398 2065 498 2141 αὐτὸς
520 2063 705 2149 ἐξόμνυται.

198 2171 347 2237 LXXIII.
381 2165 490 2247 Οὗτος
521 2184 652 2256 πρῶτος
676 2171 716 2237 έν
739 2167 846 2257 Ῥώμη
875 2173 1042 2257 μόναρχος
1067 2168 1130 2233 ἀτε-

134 2279 251 2362 δείχθη
284 2275 432 2362 πολέμου
463 2301 498 2342 τε
530 2276 600 2342 καί
619 2280 754 2364 εἰρήνης
788 2275 844 2342 καὶ
879 2276 1005 2352 παντὸς
1043 2277 1129 2340 ἀλλον

93 2402 120 2443 2⁰
133 2384 323 2470 πράγματος
338 2384 560 2469 αὐτοκράτωρ.
597 2385 703 2467 όνομα
718 2381 749 2448 δ’
767 2383 856 2471 αὐτῷ
871 2386 1024 2448 τίθενται
1039 2379 1131 2446 δικτά-

132 2513 229 2572 τορα,
258 2495 323 2554 είτε
347 2491 402 2554 διὰ
425 2490 487 2573 την
510 2488 665 2567 ἐξουσίαν
687 2497 749 2554 τοῦ
772 2489 935 2571 κελεύειν,
965 2489 1018 2554 ὅτι
1039 2485 1129 2567 θέλοι,

133 2594 187 2661 καὶ
209 2595 338 2660 τάττειν
360 2597 401 2660 τά
425 2595 537 2660 δίκαιά
559 2618 594 2660 τε
616 2592 671 2660 καὶ
693 2597 734 2661 τά
756 2596 840 2660 καλά
862 2605 932 2672 τοϊς
955 2596 1077 2676 ἀλλοις,
1097 2593 1131 2667 ὡς

133 2701 175 2765 ἀν
198 2701 286 2788 αὐτῷ
312 2702 409 2785 δοκῇ·
440 2702 480 2764 τὰ
502 2702 566 2785 γὰρ
590 2700 791 2784 ἐπιτάγματα
808 2697 940 2777 καὶτὰς
959 2699 1131 2783 διαγραφὰς

132 2816 200 2872 τῶν
224 2808 364 2872 δικαίων
386 2828 422 2871 τε
444 2804 499 2871 καὶ
523 2805 649 2872 ἀδίκου
667 2806 785 2890 ἠδίκτα
804 2808 840 2872 οί
855 2804 1011 2890 Ῥωμαίοι
1028 2810 1130 2870 καλού

93 2931 118 2972 ιε
133 2931 202 2979 σιν·
235 2918 300 2977 εἴτε
329 2912 374 2988 ὥς
400 2935 488 2988 τινες
509 2913 679 2998 γράφουσι
703 2914 759 2978 διὰ
781 2914 843 2997 τὴν
865 2914 939 2977 τότε
962 2903 1130 2996 γενομένην

133 3019 329 3105 ἀνάρρησιν,
354 3018 467 3101 ἐπειδὴ
492 3018 532 3082 ού
555 3020 644 3103 παρά
666 3027 726 3084 τοῦ
751 3020 861 3104 δημου
883 3020 945 3102 τὴν
969 3018 1074 3104 ἀρχὴν
1089 3015 1130 3080 εὑ-

134 3127 274 3208 ρόμενος
300 3124 382 3188 κατά
408 3125 488 3198 τοὺς
514 3127 674 3208 πατρίους
701 3122 862 3209 ἐθισμοὺς
889 3123 976 3203 έξειν
1001 3127 1130 3209 ἔμελλεν,

207 3310 351 3378 ’ίπρδςΟ
388 3312 424 3372 ὡς
443 3328 465 3364 ο.
484 3311 634 3382 Kiessling¹
689 3271 826 3384 8πολλης
845 3315 952 3370 add.B
1014 3321 1046 3369 21
1064 3310 1129 3367 θέλει

137 3392 160 3428 ο.
178 3377 316 3430 ΒδεοοΙετ
396 3387 430 3433 22
453 3381 502 3434 καὶ
525 3383 695 3453 διαγράφειν
717 3385 753 3438 τὰ
773 3384 870 3440 δίκαιά
888 3405 918 3440 τε
937 3384 988 3439 καί
1005 3384 1041 3439 τά
1058 3383 1129 3437 ἄδικα

137 3449 195 3504 τοῖς
213 3443 306 3506 ἀλλοις
323 3462 346 3499 ο.
367 3448 496 3502 Schnelle
514 3452 609 3506 Exere.
628 3471 655 3525 p.
675 3460 691 3507 9
