2384 3902
133 181 199 247 280
558 182 723 235 -5-

96 351 195 416 3τοῦ
222 342 505 429 καταλειφθέντος
531 351 590 428 της
615 346 743 421 πόλεως
765 343 936 429 ηχεμόνος.
983 345 1029 422 ὡς
1052 342 1143 430 δέτῇ

132 453 272 516 κατόπιν
303 449 410 538 ἡμέρα
442 452 500 528 τὰς
534 452 623 537 παρὰ
657 459 719 516 τοῦ
752 451 947 538 δικτάτορος
978 451 1143 529 ἐπιστολὰς

133 560 256 642 ἔλαβον
275 558 310 622 ολ
325 568 393 623 τῶν
410 568 536 624 κοινῶν
552 567 767 644 προεστῶτες,
790 557 848 623 καλ
866 561 932 624 σὺν
950 569 1020 636 τοῖς
1039 561 1143 636 ἄλλοις

133 665 236 730 ἅπασι
267 675 338 742 τοϊς
369 663 407 730 ἐν
436 673 476 749 τη
505 664 591 749 μάχη
618 663 813 748 γενομένοις
839 663 897 732 καὶ
923 666 965 730 τὰ
990 664 1066 752 περὶ
1092 676 1141 749 της

107 770 330 857 ιέπιφανείας
365 781 434 836 τῶν
468 772 640 856 δαιμόνων
672 773 817 856 ἐμαθον,
854 775 1053 856 νομίσαντες
1081 783 1140 837 τόν

134 879 246 943 αὐτῶν
282 885 374 944 θεῶν
406 872 492 942 εἶναι
524 879 625 964 ἄμφω
656 878 697 942 τὰ
729 879 886 963 φάσματα
918 879 1029 965 ὥσπερ
1062 881 1140 955 εἰκός

96 985 357 1070 4Διοσκούρων
381 983 587 1068 ἐπείσθησαν
610 980 755 1050 εἶναιτὰ
775 986 906 1052 είδωλα.
943 988 1064 1070 ταύτης
1081 985 1139 1051 ἐστὶ

133 1099 192 1174 της
218 1089 412 1177 παραδόξου
438 1089 493 1158 καὶ
521 1098 719 1177 θαυμαστῆς
744 1101 813 1158 τῶν
836 1093 1009 1177 δαιμόνων
1031 1093 1139 1177 ἐπιφα-

134 1199 227 1274 νείας
254 1197 292 1262 ἐν
310 1193 417 1284 Ῥώμη
439 1199 546 1264 πολλὰ
569 1209 703 1282 σημεῖα,
731 1197 750 1263 ό
772 1221 808 1263 τε
830 1200 916 1277 νεὼς
938 1198 958 1265 ό
981 1209 1046 1270 τῶν
1068 1204 1139 1264 Λιο

98 1305 305 1390 ιοσκούρων,
333 1290 379 1370 Ιὃν
411 1302 464 1370 ἐπὶ
493 1312 552 1389 τῆς
579 1305 703 1391 ἀγορᾶς
728 1308 971 1384 κατεσκεύασεν
997 1304 1018 1389 ἡ
1044 1308 1138 1386 πόλις,

134 1413 220 1477 ἔνθα
243 1413 344 1496 ὤφθη
367 1411 409 1476 τὰ
427 1411 559 1493 είδωλα,
582 1409 638 1496 καὶ
656 1410 677 1494 ἡ
696 1409 773 1499 παρ’
797 1411 887 1501 αὐτῷ
906 1413 1014 1496 κρήνη
1031 1417 1138 1478 καλου·
1176 1477 1177 1502 ³

101 1567 105 1575 .
134 1515 217 1602 μένη
244 1541 279 1583 τε
309 1528 374 1582 τῶν
400 1523 495 1583 θεῶν
521 1518 651 1582 τούτων
677 1515 734 1582 καλ
762 1518 834 1605 ίερὰ
857 1521 905 1596 είς
926 1521 1005 1584 τόδε
1027 1522 1139 1604 χρόνον

134 1622 350 1709 νομιζομένη,
382 1626 503 1689 θυσίαι
534 1646 570 1689 τε
601 1629 808 1708 πολυτελεῖς,
841 1623 880 1702 ἃς
906 1623 986 1690 καθ’
1013 1625 1138 1690 ἕκαστον

135 1729 291 1796 ἐνιαυτὸν
318 1729 335 1795 ὁ
364 1732 469 1815 δῆμος
496 1729 639 1796 ἐπιτελεί
664 1731 720 1795 διὰ
746 1741 814 1797 τῶν
842 1733 1009 1822 μεγίστων
1036 1731 1137 1816 ίερέων

99 1859 126 1900 τε
136 1835 174 1901 ἐν
201 1834 283 1921 μηυὶ
305 1839 487 1925 Κυιντιλίῳ
511 1833 679 1926 λεγομένῳ
703 1847 774 1914 ταῖς
795 1838 1018 1923 καλουμέναις
1039 1840 1135 1920 εἰδοῖς,

135 1942 173 2007 ἐν
204 1934 226 2028 ᾖ
258 1943 488 2030 κατώρθωσαν
519 1941 626 2030 ἡμέρᾳ
657 1944 757 2009 τόνδε
783 1945 843 2010 τόν
869 1947 1032 2028 πόλεμον·
1065 1942 1134 2028 ὑπὲρ

135 2050 265 2116 ἅπαντα
297 2047 335 2116 δέ
366 2058 470 2116 ταῦτα
501 2049 522 2134 ἡ
551 2052 632 2135 μετὰ
663 2052 725 2134 τὴν
756 2053 883 2116 θυσίαν
915 2049 1133 2136 ἐπιτελουμένη

134 2157 248 2242 πομπὴ
276 2167 344 2223 τῶν
372 2156 518 2241 ἐχόντων
544 2158 605 2222 τὸν
633 2158 797 2241 δημόσιον
824 2157 942 2241 ἵππου,
970 2158 1049 2242 <οἳ>
1068 2158 1176 2222 κατόῐῡθλ

135 2264 246 2348 φυλάς
267 2286 303 2329 τε
324 2261 380 2329 καὶ
404 2264 524 2348 λόχους
547 2261 788 2348 κεκοσμημένοι
812 2266 992 2349 στοιχηδὸν
1015 2263 1132 2330 ἐπὶτῶν
1175 2301 1176 2320 ι

100 2393 127 2432 ιο
136 2371 247 2435 ἰ’ππων
264 2370 444 2462 όχούμενοι
462 2369 663 2457 πορεύονται
676 2371 807 2454 πάντες,
825 2370 871 2447 ὡς
885 2369 920 2435 ἐκ
935 2371 1043 2455 μάχης
1055 2371 1132 2454 η’κον-

135 2500 189 2552 τες
212 2474 479 2562 ἐστεφανωμένοι
502 2481 642 2552 θαλλοῖς
664 2475 785 2560 ἐλαίας,
808 2474 863 2541 καλ
881 2487 1060 2564 πορφυρᾶς
1075 2499 1132 2560 φοι-

136 2583 401 2669 νικοπαρύφους,
422 2582 643 2667 ἀμπεχόμενοι
672 2582 836 2667 τηβέννας
862 2583 920 2660 τὰς
947 2581 1132 2668 καλουμένας

135 2687 290 2773 τραβέας,
321 2688 499 2777 ἀρξάμενοι
529 2684 590 2773 μέν
621 2683 680 2772 ἀφ’
714 2690 806 2774 ίεροῦ
837 2711 930 2766 τινος
948 2687 1064 2774 ’Ἀρεος
1086 2687 1131 2764 ἔξω

135 2801 195 2877 τῆς
225 2797 352 2872 πόλεως
384 2793 583 2880 ἱδρυμένου,
617 2793 794 2873 διεξιόντες
819 2791 864 2878 ,δὲ
895 2797 958 2879 την
985 2790 1015 2859 τ’
1049 2796 1131 2874 ἄλλην

100 2923 128 2965 τε
137 2904 237 2968 πόλιν
259 2898 357 2986 <καλ>
381 2902 437 2966 διὰ
460 2910 517 2986 τῆς
539 2900 663 2987 ἀγορᾶς
685 2903 775 2988 παρὰ
791 2902 829 2967 τὸ
848 2911 917 2966 τῶν
930 2903 1131 2983 Διοσκούρων
1174 2993 1175 2996 ¹

137 3009 230 3096 ίερδν
251 3011 511 3094 παρερχόμενοι,
533 3008 656 3092 ἄνδρες
678 3010 769 3073 ἔστιν
792 3007 846 3073 ὅτε
869 3004 925 3072 καὶ
947 3006 1131 3089 πεντακισχί-

209 3170 226 3216 4
244 3162 280 3216 τὰ
299 3180 353 3217 om.
372 3163 395 3216 B
461 3171 484 3217 7.
505 3170 547 3217 11.
567 3165 670 3218 εἴδωλα
688 3165 744 3219 del.
763 3165 910 3220 Meutzner
927 3166 947 3221 1.
966 3165 986 3219 l.
1007 3166 1036 3219 et
1052 3163 1130 3232 ὤφθη

139 3248 192 3284 σαν
210 3249 233 3286 ο.
252 3233 329 3285 idem
403 3237 435 3286 12
455 3231 518 3300 ἱερὰ
535 3233 585 3287 καλ
604 3236 626 3288 Ο
646 3251 715 3288 corr.
734 3233 880 3304 Kiessling
949 3240 985 3288 14
1004 3229 1130 3289 λπτέανθ

141 3295 238 3364 ἴερέων
256 3300 401 3369 Kiessling
478 3308 511 3355 18
530 3302 558 3356 οἳ
580 3304 645 3358 αδδ.
666 3301 826 3373 Ste'phanus
843 3309 847 3374 Ι
864 3303 1046 3378 λό<χ>ουςΒ
1106 3306 1128 3354 21

142 3359 380 3434 ἐστεφανωμένοις
398 3371 421 3421 Β
442 3374 446 3437 Ι
465 3374 566 3433 θαλοΐς
584 3372 607 3424 Β
706 3381 740 3428 23
755 3376 833 3430 *ἀπὸ
853 3375 875 3430 0
967 3383 1003 3432 25
1021 3375 1067 3430 καί
1082 3369 1129 3426 add·

144 3426 266 3501 ΡοτταεΙ
287 3436 407 3505 ἀρχορὰς
424 3439 472 3492 καὶ
490 3440 569 3510 παρὰ
587 3442 609 3494 0
647 3444 696 3498 καλ
714 3445 769 3500 del.
788 3446 889 3499 Portus
