2384 3902
461 226 623 278 ..ς-

43 393 84 473 τβ
110 385 279 471 δικτάτορι
306 382 361 450 καὶ
389 395 459 462 τοῖς
484 383 560 472 περὶ
584 386 688 451 αὐτὸν
710 385 921 472 τεταγμένοις
944 389 1053 465 ἱππεῖς

45 493 100 556 δύο
122 501 282 576 φανῆναι,
305 491 419 557 κάλλει
441 515 477 557 τε
499 490 555 557 καί
578 491 713 577 μεγέθει
735 503 848 581 μακρςό
871 498 1053 581 κρείττους,

44 593 86 662 ὧν
110 597 131 681 ἡ
154 592 235 663 καθ’
256 597 343 682 ἡμᾶς
366 599 468 683 φύσις
491 597 638 683 ἐκφέρει,
666 599 883 685 ἐναρχόμενοι
905 611 1051 687 γενειᾶν,

44 704 219 788 ἡγούμενοί
251 728 288 770 τε
321 713 380 788 τῆς
406 705 586 789 Ῥωμαικῆς
617 706 720 771 ἵππου
752 704 807 772 καὶ
839 710 918 785 τοὺς
950 708 1051 793 ὁμόσε

45 821 227 894 χωροῦντας
245 821 314 876 τῶν
327 814 486 877 Λατίνων
504 814 657 890 παίοντες
675 823 745 890 τοῖς
764 814 883 900 δόρασι
900 812 956 880 καὶ
969 835 1074 902 προ-ε

11 918 206 1002 ωιτροπάδην
230 917 438 997 ἐλαύνοντες.
479 915 535 983 καὶ
558 919 638 1004 μετά
661 923 722 1003 τὴν
745 922 873 1006 τροπὴν
894 933 962 987 τῶν
982 926 1051 986 Λα-

43 1027 135 1089 τίνων
157 1022 214 1090 καά
236 1026 300 1109 τὴν
323 1025 449 1090 άλωσιν
471 1033 532 1090 τοῦ
551 1024 695 1109 χάρακος
713 1025 824 1092 αὐτῶν
842 1026 918 1114 περὶ
937 1030 1051 1111 δείλην

44 1129 135 1208 ὀψίαν
162 1133 201 1198 τὸ
225 1129 320 1208 τέλος
342 1132 511 1215 λαβούσης
533 1138 591 1214 τῆς
614 1132 734 1215 μάχης,
762 1130 799 1196 ἐν
822 1141 862 1217 τῇ
880 1128 1051 1217 Ῥωμαίων

44 1235 140 1324 ἀγορᾷ
168 1239 229 1304 τὸν
257 1238 361 1304 αὐτὸν
388 1239 515 1323 τρόπον
542 1238 694 1322 ὀφθῆναι
719 1239 781 1303 δύο
805 1241 976 1306 νεανίσκοι
999 1238 1051 1305 λέ·
1116 1244 1120 1254 ”

43 1367 160 1426 γονται,
173 1345 364 1432 ’πολεμικάς
387 1342 601 1420 ἐνδεδυκότες
624 1344 743 1420 στολάς
766 1345 922 1427 μήκιστοί
941 1369 976 1410 τε
993 1343 1086 1410 καὶω

43 1452 204 1517 κάλλιστοι
235 1447 291 1516 καὶ
323 1450 385 1533 τὴν
418 1450 524 1533 αὐτὴν
550 1448 684 1533 ἡλικίαν
711 1451 857 1534 ἔχοντες,
892 1450 991 1516 αὐτοί
1014 1474 1050 1516 τε

43 1557 259 1638 φυλάττοντες
281 1555 425 1622 ἐπὶτῶν
447 1558 636 1642 προσώπων
660 1556 704 1633 ὡς
722 1555 758 1620 ἐκ
777 1556 881 1641 μάχης
899 1556 1051 1640 ἡκόντων
1078 1611 1086 1626 .

43 1662 74 1725 τὸ
96 1661 282 1746 ἐναγώνιον
306 1671 425 1747 σχῆμα,
451 1660 507 1727 καὶ
530 1664 609 1738 τοὺς
630 1661 752 1738 ἵππους
776 1662 891 1748 ἱδρῶτι
915 1664 1051 1750 διαβρό-

43 1791 113 1850 χους
145 1769 355 1853 ἐπαγόμενοι.
401 1770 562 1853 άρσαντες
595 1764 632 1834 δὲ
658 1779 726 1833 τῶν
753 1769 864 1834 ἵππων
892 1767 1084 1856 ἑκάτερου2

43 1873 90 1938 καὶ
116 1875 341 1954 ἀπονίψαντες
368 1874 432 1939 άπὸ
460 1883 517 1958 τῆς
544 1875 695 1959 λιβάδος,
728 1875 749 1958 ἣ
777 1878 867 1961 παρά
893 1877 931 1941 τὸ
959 1879 1050 1965 ίερὸν
1060 1907 1087 1949 1⁵

43 1989 92 2063 τῆς
110 1976 240 2058 Ἑστίας
268 1981 453 2047 ἀναδίδωσι
481 1983 603 2066 λίμνην
626 1990 770 2047 ποιοῦσα
793 1982 960 2067 ἐμβύθιον
983 1984 1050 2049 ὀλί-

43 2109 113 2170 γην,
139 2092 275 2152 πολλῶν
303 2087 425 2164 αὐτοὺς
452 2088 680 2172 περιστάντων
703 2085 758 2153 καὶ
781 2094 815 2153 εί
832 2112 865 2153 τι
887 2088 1051 2175 φέρουσιν
1084 2077 1087 2082 Δ

44 2191 89 2258 ἐπὶ
114 2195 231 2259 κοινὸν
259 2194 323 2259 άπὸ
351 2193 580 2279 στρατοπέδου
607 2201 731 2278 μαθεῖν
758 2193 958 2278 ἀξιούντων,
987 2199 1050 2280 τήν

43 2320 73 2363 τε
93 2300 199 2385 μάχην
222 2300 337 2377 αὐτοῖς
360 2301 556 2385 φράζουσιν,
580 2300 624 2376 ὡς
647 2299 777 2383 ἐγένετο
800 2298 855 2366 καὶ
879 2301 929 2366 ὅτι
952 2312 1051 2366 νικῶ-
1119 2367 1121 2374 ,

11 2413 103 2471 όὸσιν
140 2407 201 2484 οὓς
227 2407 524 2493 μεταχωρήσαντας
547 2406 583 2472 έκ
604 2415 664 2492 τῆς
686 2407 809 2494 ἀγοράς
831 2402 887 2474 ὑπ’
909 2407 1085 2486 ούδενὸςεο

45 2514 85 2576 ἔτι
96 2512 253 2598 λέγουσιν
263 2513 425 2597 ὀφθῆναι,
440 2514 568 2597 πολλὴν
579 2516 713 2597 ζήτησιν
723 2513 834 2580 αὐτῶν
843 2513 1049 2599 ποιουμένου

106 2711 121 2758 2
145 2706 233 2759 verba,
248 2704 310 2759 καί
333 2703 450 2774 μεγέθει
473 2708 502 2759 et
524 2721 597 2774 quae
622 2705 884 2776 sequuntur‘usque
903 2708 940 2760 ad
962 2707 1050 2762 verba

45 2771 316 2902 ffss’ffiffssffie‘tffi
336 2775 699 2921 ²1¹sssss³2¹3⁰2¹¹332⁸3553253
715 2778 1049 2905 μλέἷῷωλοάὲίῗλᾏῖ

44 2916 104 2982 phil.
123 2890 191 2972 1852
215 2937 242 2988 p.
258 2864 319 2973 2631)
322 2888 382 2986 Ιορε.
409 2921 416 3009 l
438 2925 487 2987 της
510 2917 601 2988 μάχης
624 2937 677 2974 om.
687 2869 778 2974 η,δΒΕ
802 2920 856 2978 del.
876 2921 1046 2993 Μεοίτωετλ

45 2994 72 3056 τῇ
85 2985 224 3059 Ῥωμαίων
243 2991 334 3063 ἀγορᾷ
352 2990 378 3042 Α
418 2992 552 3060 Ρωμαίων
572 2990 668 3044 om.B
737 2991 821 3046 9τὸν
840 2992 927 3047 αὐτὸν
947 2990 1049 3062 χρόνον

45 3073 65 3112 ο,
83 3058 200 3116 Schenkl
217 3060 350 3114 Bursiani
368 3059 541 3114 Litterfnum
559 3078 622 3117 ann.
640 3061 718 3117 brev.
737 3080 764 3131 p.
780 3069 814 3117 36
880 3068 912 3116 12
932 3061 1050 3132 ἥκοντες

25 3133 65 3182 ὀ.
81 3131 179 3186 Reiske
199 3132 276 3201 quod
295 3132 350 3186 def.
370 3131 459 3186 Cobet
478 3131 543 3187 Obs.
562 3151 590 3201 p.
607 3139 657 3186 113
723 3138 756 3186 14
774 3131 911 3202 άρσαντες
931 3133 953 3188 Ο
990 3134 1049 3204 ψά-

46 3220 135 3268 ραντες
151 3203 256 3258 Reiske
292 3203 342 3258 τὸν
362 3204 449 3257 ἵππον
470 3201 559 3257 Cobet
576 3203 629 3258 1.1.
646 3207 650 3268 1
667 3198 801 3273 ἑκάτερον
820 3203 846 3257 Α
882 3199 1048 3275 ἕκάτεροιΒ

47 3277 74 3325 15
91 3273 299 3344 ἀπονιψάμενοι
318 3291 348 3328 ο..
360 3273 500 3328 ΒθολιεΙεε
568 3280 600 3329 17
620 3274 717 3338 αὐτοῖς
737 3277 759 3329 Ο
797 3277 900 3338 αύτούς
919 3275 1021 3330 Reiske
1043 3277 1047 3350 λ

47 3344 87 3396 καὶ
104 3341 284 3417 ἐπιφέρουσιν
304 3347 356 3400 εἴτι
375 3345 476 3400 κοινὸν
491 3343 596 3398 ABEa
623 3345 672 3399 καὶ
691 3347 722 3401 εί
734 3366 760 3400 τι
780 3343 917 3417 φέρουσιν
932 3345 972 3402 ἔτι
986 3368 1051 3403 και-

47 3414 89 3469 νόν
105 3417 150 3471 Eb
186 3416 236 3471 καί
255 3419 285 3471 εί
297 3436 325 3471 τι
344 3414 480 3487 φέρουσιν
499 3417 600 3472 καινὸν
614 3416 758 3486 Kiessling
790 3419 839 3473 καλ
854 3417 897 3474 ότι
911 3416 1051 3490 φέρουσιν

47 3479 86 3538 ἐπὶ
103 3488 196 3542 κοινὸν
214 3487 359 3542 Meutzner
377 3487 395 3542 L
415 3487 433 3541 l.
453 3505 481 3556 p.
496 3493 548 3544 265
