2400 3912
465 245 629 290 -Δ..

46 398 201 482 αἰσχύνης
228 397 248 482 ἢ
272 401 349 482 βίον
372 392 441 484 μετ’
471 399 693 486 εὐδαιμονίας.
740 404 785 466 Ec
806 400 868 486 μὲν
890 405 955 487 γάρ
977 404 1093 470 ὑπο-2

45 513 161 587 μενεῖς,
181 507 259 589 έφη,
277 507 486 592 χαρίσασθαί
500 531 568 591 μοι,
587 508 731 591 γυναῖκά
749 525 786 574 σε
804 513 985 596 ποιήσομαι
1003 511 1058 576 καί

46 611 249 692 βασιλεύσεις
276 613 342 677 σὺν
370 610 443 696 ἐμοὶ
469 610 618 698 νῦνμὲν
641 609 680 698 ἧς
703 613 722 679 ὁ
744 618 852 700 πατηρ
875 639 932 699 μοι
955 618 1058 682 ἐδωκε

9 719 177 799 ιεεπόλεως,
202 719 282 802 μετὰ
306 715 343 784 δὲ
361 719 423 801 την
442 718 572 786 ἐκείνου
591 722 748 804 τελευτὴν
762 717 932 805 Ῥωμαίων
950 745 985 787 τε
1003 721 1070 794 καὶ,

45 826 198 888 Λατίνων
226 823 281 889 καὶ
308 828 494 910 Τυρρηνῶν
516 824 572 891 καὶ
595 837 662 891 τῶν
685 828 796 893 ἀλλων
820 828 910 893 ὅσων
933 828 1084 906 ἐκείνοςε

46 929 142 1013 ἀρχει.
176 929 240 1013 ἐγὼ
263 931 328 1016 γὰρ
348 927 426 1015 οἷδ’,
451 933 502 998 ὅτι
520 934 757 1018 παραλήψομαι
776 934 838 1017 την
855 943 916 999 τοῦ
935 937 1058 1020 πατρὸς

46 1039 228 1122 βασιλείαν,
252 1038 363 1124 ὥσπερ
386 1038 456 1105 ἐστὶ
480 1041 626 1124 δίκαιον,
657 1051 724 1106 τῶν
747 1041 832 1106 υἱῶν
855 1040 958 1106 αὐτοῦ
980 1063 1058 1127 πρε-

46 1145 204 1225 σβύτατος
227 1145 285 1210 ὥν.
323 1145 385 1211 ὅσα
409 1140 442 1210 δ’
469 1146 610 1232 ὑπάρχει
633 1157 702 1224 τοῖς
720 1150 915 1230 βασιλεῦσιν
934 1147 1056 1232 ἀγαθά,

47 1245 88 1314 ὧν
120 1249 279 1316 ἁπάντων
311 1254 370 1338 ἐση
402 1254 467 1317 σὺν
500 1251 573 1337 ἐμοὶ
600 1255 715 1338 κυρία,
746 1255 782 1316 τί
807 1254 861 1318 δεῖ
884 1270 923 1318 σε
950 1261 1058 1332 καλῶς

46 1355 262 1442 ἐπισταμένην
282 1359 468 1438 διδάσκειν;
494 1361 525 1424 εί
542 1354 573 1424 δ’
591 1358 821 1444 ἀντιπράττειν
841 1343 1098 1456 ἐπιχειρησειςζ)0

47 1464 158 1541 σώζειν
185 1463 373 1549 βουλομένη
403 1467 441 1531 τὸ
471 1476 624 1552 σῶφρον,
654 1465 823 1531 ἀποκτενῶ
852 1483 889 1532 σε
911 1464 967 1532 καί
989 1477 1057 1532 τῶν

46 1573 261 1654 θεραπόντων
280 1571 545 1658 ἐπικατασφάξας
563 1571 623 1637 ἕνα
641 1574 740 1654 θήσω
757 1573 948 1657 τὰσώματα
963 1573 1057 1657 ὑμῶν

47 1676 109 1760 ἅμα
130 1675 185 1742 καί
208 1682 306 1762 φήσω
329 1679 537 1763 κατειληφὼς
559 1679 816 1764 ἀσχημονοῦσάν
838 1696 876 1744 σε
900 1682 979 1763 μετά
997 1689 1058 1745 τοῦ

47 1783 167 1848 δούλου
189 1792 435 1870 τετιμωρῆσθαι
457 1786 520 1868 την
542 1795 603 1851 τοῦ
624 1794 809 1869 συγγενοῦς
827 1785 928 1871 ὕβριν
946 1809 1058 1872 μετερ-

45 1892 193 1973 χόμενος,
218 1887 296 1955 ὥστ’
323 1893 464 1978 αίσχράν
486 1890 542 1958 καὶ
560 1891 788 1958 ἐπονείδιστόν
811 1908 875 1957 σου
898 1891 1058 1974 γενέσθαι
1073 1913 1097 1952 15

46 1997 105 2078 τὴν
133 1997 292 2079 τελευτὴν
320 1996 377 2063 καὶ
408 1996 492 2082 μηδὲ
524 2007 632 2082 ταφῆς
663 1999 701 2063 τὸ
734 1999 828 2082 σῶμά
855 2014 918 2063 σου
945 2010 1058 2084 τυχεῖν

48 2098 121 2183 μηδ’
151 2105 257 2168 ἀλλον
283 2114 350 2169 τῶν
378 2108 531 2188 νομίμων
559 2105 710 2199 μηδενάς.
750 2101 806 2180 Ὡς
830 2101 867 2169 δὲ
889 2108 993 2182 πολὺς
1015 2102 1093 2190 ἦν4

50 2206 186 2274 ἀπειλῶν
209 2207 245 2275 θ’
269 2211 335 2294 ἅμα
360 2208 416 2276 καὶ
439 2210 627 2293 ἀντιβολῶν
654 2208 709 2275 καὶ
733 2210 956 2296 διομνύμενος
979 2211 1057 2295 ἀλη-

49 2316 157 2380 θεύειν
179 2326 248 2381 τῶν
272 2315 462 2399 λεγομένων
485 2315 652 2403 ἑκάτερον,
671 2301 723 2394 ἐίς
744 2315 893 2400 ἀνάγκην
910 2311 1055 2401 ἧλθενη

49 2424 232 2508 Λουκρητία
265 2426 456 2506 φοβηθεῖσα
488 2425 549 2508 τὴν
581 2421 658 2510 περὶ
689 2424 749 2487 τὸν
780 2423 932 2488 θάνατον
960 2423 1056 2508 ἀσχη-
1071 2443 1097 2482 ω

50 2527 192 2611 μοσύνην
217 2523 303 2605 εἶξαί
320 2527 428 2595 τεκαὶ
446 2531 610 2615 περιιδεῖν
629 2529 732 2594 αὐτὸν
751 2527 771 2593 ἀ
789 2539 966 2614 προῃρεῖτο
987 2531 1058 2595 δια-

50 2631 262 2717 πραξάμενον.

9 2747 50 2798 Βοο
108 2738 223 2804 LXVI.
253 2736 396 2825 Ἡμέρας
424 2739 462 2807 δὲ
489 2740 671 2828 γενομένης
697 2741 715 2807 ὁ
739 2739 800 2832 μὲν
824 2741 877 2808 ἐπὶ
899 2743 936 2808 τὸ
961 2760 1058 2828 στρα-

53 2845 182 2911 τόπεδον
216 2843 314 2932 ἀπῄει
344 2849 498 2933 πονηράν
526 2847 583 2914 καὶ
611 2847 770 2932 ὀλέθριον
798 2848 980 2934 ἐπιθυμίαν
1008 2849 1058 2915 ἐ-

11 3013 26 3050 ·
53 2953 273 3037 πεπληρωκώς,
296 2953 318 3037 ἡ
343 2950 379 3019 δὲ
393 2958 585 3042 Λουκρητία
611 2955 729 3032 δεινῶς
747 2955 897 3042 φέρουσα
916 2956 953 3019 τὸ
973 2972 1055 3038 συμ-
1069 2974 1095 3014 2⁵

56 3057 181 3140 βεβηκὸς
201 3059 246 3136 ὡς
265 3055 332 3145 εἶχε
350 3061 471 3146 τάχους
490 3061 630 3144 ἐπιβᾶσα
648 3070 706 3144 τῆς
724 3061 851 3145 ἀπήνης
870 3062 917 3138 είς
930 3057 1058 3145 Ῥώμην

57 3159 155 3248 βχεεο,
179 3164 341 3250 μέλαιναν
364 3166 489 3252 ἐσθῆτα
512 3165 755 3253 περιβαλομένη
779 3165 835 3233 καὶ
858 3165 1007 3251 ξιφίδιόν
1026 3189 1058 3232 τι

116 3364 130 3409 1
148 3359 298 3429 ὑπομενεῖς
317 3377 351 3414 ex
368 3356 549 3431 ὑπομενὲσεις
567 3360 590 3412 Β
668 3367 701 3416 19
719 3354 791 3429 ἦλθε
809 3361 832 3413 Β
919 3367 952 3414 21
973 3358 1060 3432 είξσββ

56 3423 102 3552 ἓξ.
118 3425 199 3553 Βεέξει
222 3430 270 3483 Bb
296 3433 300 3499 Ι
325 3429 570 3502 διαπραττόμενον
594 3447 617 3486 ο.
640 3430 744 3486 Reiske
840 3437 874 3486 24
899 3427 1056 3501 ἐπιθυμίαν
