2400 3912
137 223 180 290 28
564 181 822 272 -Δ-’

137 386 416 470 τιθασσευόμενοι
438 381 522 468 μέγα
539 405 572 447 τι
589 380 646 448 καὶ
664 384 788 468 σεμνὸν
807 381 930 468 έγούση
949 378 1145 468 χαριέστεροι

137 495 297 575 γίνωνται
319 488 395 576 περὶ
417 492 498 567 τοὺς
516 490 677 566 δεσπότας
695 486 750 554 καὶ
769 490 810 555 τὰ
828 489 962 574 λυπηρά
978 496 1039 571 τῆς
1056 489 1146 572 τύχης

137 593 238 680 ἦττον
260 595 481 682 βαρύνωνται.

204 720 277 787 XV.
314 725 428 785 Διείλε
461 715 499 784 δέ
529 716 585 784 καὶ
611 721 674 803 τὴν
702 720 816 805 χώραν
843 719 990 802 ἅπασαν,
1024 719 1069 793 ῶς
1094 713 1146 801 μέν

112 827 268 911 εΦάβιός
295 842 415 911 φησιν,
447 827 494 901 είς
521 827 639 910 μοίρας
666 823 700 902 ἕξ
727 848 763 890 τε
790 823 846 890 καὶ
869 829 1013 907 εἴκοσιν,
1041 823 1079 900 ἃς
1099 821 1148 888 καί

139 933 241 1008 αὐτάς
262 936 358 997 καλεῖ
378 933 487 1016 φυλάς
508 928 564 995 καὶ
586 932 644 1008 τάς
668 931 801 1008 ἀστικὰς
824 927 1019 1017 προστιθείς
1042 929 1148 1004 αὐτοῖς

138 1036 308 1125 τέτταρας·
340 1037 385 1115 ὡς
414 1033 452 1102 ὁὸ
480 1037 693 1116 Οὐεννώνιος
721 1039 912 1123 ίστόρηκεν,
941 1037 989 1112 είς
1015 1037 1095 1120 μίαν
1120 1057 1149 1098 τε

139 1141 194 1209 καὶ
221 1144 413 1231 τριάκοντα,
443 1144 528 1208 ὥστε
557 1146 621 1208 σὺν
643 1155 715 1221 ταῖς
737 1145 821 1209 κατὰ
843 1145 943 1208 πόλιν
967 1142 1084 1218 οὔσαις
1106 1139 1149 1205 έ-

139 1254 379 1334 πεπληρῶσθαι
406 1249 464 1325 τάς
491 1251 539 1313 ἔτι
566 1248 622 1315 καὶ
650 1251 698 1327 είς
724 1251 810 1334 ἡμᾶς
831 1248 1046 1335 ὑπαρχούσας
1067 1247 1150 1330 τριά-
1192 1269 1193 1278 ’

100 1375 126 1414 1⁰
139 1377 241 1420 κοντα
264 1355 319 1420 καὶ
342 1352 439 1420 πέντε
463 1355 586 1440 φυλάς·
619 1357 741 1423 Κάτων
765 1355 880 1442 μέντοι
902 1356 1031 1420 τούτων
1051 1353 1186 1437 άμφο-όῶ

139 1463 246 1548 τέρων
269 1460 534 1548 ἀξιοπιστότερος
553 1462 601 1526 ὢν
619 1463 797 1545 τριάκοντα
817 1463 927 1547 φυλάς
940 1459 994 1527 ἐπὶ
1012 1462 1151 1526 Τυλλίου

139 1571 198 1646 τάς
220 1569 327 1644 πάσας
349 1564 510 1650 γενέσθαι
532 1565 620 1650 λέγει
643 1566 698 1633 καὶ
722 1569 763 1634 ού
787 1571 918 1654 γωριῖει
940 1577 1008 1632 τῶν
1030 1577 1152 1653 μοιρῶν

106 1675 200 1739 2τὸν
232 1673 388 1759 ἀριθμόν.
426 1671 546 1737 διελὼν
579 1667 610 1736 δ’
641 1667 703 1738 οὖν
737 1673 755 1738 ὁ
789 1675 931 1750 Τύλλιος
959 1673 1007 1750 είς
1034 1672 1152 1748 ὁπόσας

141 1780 264 1862 ὁήποτε
281 1778 399 1864 μοίρας
416 1779 478 1860 τὴν
496 1786 561 1862 γῆν
579 1780 662 1844 κατὰ
680 1781 760 1855 τοὺς
779 1778 932 1862 ὀρεινοὺς
949 1776 1006 1843 καὶ
1020 1779 1152 1844 πολύτὸ
1195 1805 1196 1812 ¹

102 1903 128 1944 ιε
142 1882 289 1970 ἀσφαλές
309 1893 380 1960 τοῖς
402 1893 563 1968 γεωργοῖς
585 1883 742 1972 παρέχειν
761 1882 1014 1970 δυνησομένους
1032 1887 1154 1971 ὄχθους

141 1990 355 2077 κρησφύγετα
377 1992 633 2076 κατεσκεύασεν,
657 1987 866 2076 Ἑλληνικοῖς
888 1991 1052 2076 ὀνόμασιν
1076 1991 1155 2058 αὐτὰ

141 2103 253 2163 καλῶν
268 2097 414 2180 Πάγους,
438 2099 523 2162 ἔνθα
547 2095 759 2183 συνέφευγον
781 2097 903 2163 ἐκτῶν
923 2099 1037 2184 ἀγρῶν
1055 2099 1156 2162 ἅπαν-

141 2227 209 2286 τες,
242 2201 339 2268 ὁπότε
370 2200 500 2284 γένοιτο
534 2206 702 2288 πολεμίων
730 2205 869 2289 ἔφοὸος,
901 2201 957 2268 καὶ
985 2206 1026 2269 τά
1052 2205 1156 2268 πολλά

107 2311 128 2376 3
144 2306 397 2393 διενυκτέρευον
416 2308 572 2374 ἐνταῦθα.
608 2311 765 2395 άρχοντες
784 2307 821 2375 δέ
839 2307 895 2374 καί
913 2310 1044 2382 τούτων
1062 2306 1158 2394 ἦσαν,

103 2435 129 2474 20
144 2408 193 2494 οἷς
221 2411 370 2498 ἐπιμελές
398 2415 525 2498 έγίνετο
550 2415 591 2479 τά
613 2411 645 2479 τ’
672 2416 819 2501 ὀνόματα
842 2425 910 2480 τῶν
933 2425 1093 2501 γεωργῶν
1117 2417 1158 2480 εί-

63 2595 66 2604 ,
143 2521 238 2587 ὁίναι
268 2530 336 2584 τῶν
369 2522 622 2587 συντελούντων
655 2523 702 2599 είς
728 2523 788 2587 τὸν
816 2522 920 2587 αὐτὸν
949 2523 1075 2606 πάγον,
1105 2519 1160 2587 καὶ

216 2765 541 2837 1τιθαυσενόμενοιΒο
590 2765 785 2839 4ὁιεῖλ<ε>Β
840 2773 905 2822 ὅτε
920 2767 1023 2820 add.B
1079 2767 1162 2822 θαύ-

143 2835 194 2901 τὰς
211 2835 234 2890 Β
272 2837 356 2900 αότὸς
373 2838 399 2890 R
414 2843 419 2906 1
436 2833 529 2892 ἐκάλει
547 2836 652 2891 Reiske
729 2843 744 2891 7
764 2838 830 2906 post
851 2835 986 2907 τέτταρας
1005 2840 1163 2906 sequuntur

143 2907 215 2965 inO
243 2908 314 2962 haec
337 2908 435 2963 verbm
460 2907 614 2979 τριάκοντα
634 2907 725 2978 φυλὰς
747 2905 914 2978 ἀμφοτέρων
938 2907 1041 2964 Κάτων
1063 2907 1164 2978 μέντοι

143 2980 250 3035 τούτων
274 2973 320 3033 ἐπὶ
341 2980 459 3033 Τυλλίου
481 2977 531 3043 τάς
552 2977 646 3042 πάσας
668 2976 805 3070 γενέσθαι
827 2976 913 3048 λέγει,
936 2977 966 3032 in
989 2977 1069 3032 ACD
1093 2980 1164 3032 ante

144 3047 1166 3188 ἑῗιλίἵῗλόὲεῗῖἒῐάέλιόὲλῖἙλλωλλέῗῗόοὸλῗρῖλίπὶλλῖ

143 3139 225 3248 wgw
248 3191 437 3261 transposuit,
461 3208 545 3260 quem
564 3194 676 3260 secutus
695 3192 740 3245 eet
756 3189 955 3260 Kiesslingius.
992 3189 1053 3259 Ego
1069 3141 1166 3244 ‘gerba

143 3263 198 3316 hoc
221 3263 305 3317 modo
329 3262 493 3318 collocanda
518 3279 579 3318 esse
602 3261 699 3317 censui
789 3267 805 3316 8
829 3259 898 3315 ὥστε
918 3292 951 3302 -
970 3277 997 3316 v.
1018 3267 1052 3315 10
1074 3258 1166 3315 πέντε

146 3348 200 3386 om.
221 3333 243 3386 0
261 3336 374 3401 praeter
391 3332 441 3388 Bc
495 3340 527 3388 12
546 3332 597 3396 τὰς
615 3330 762 3402 συμπάσας
780 3347 803 3387 ο.
823 3331 946 3386 Kiesslin
982 3332 1055 3401 Ιούγ
1073 3331 1168 3401 ὁρίζει

144 3402 172 3456 R
209 3403 259 3470 σύγ
278 3403 410 3472 ὡρίζειΒ
483 3410 517 3458 16
535 3402 776 3492 <όηθ>ονςΑΒὸ
814 3349 1000 3474 έχθροόιςὶσ
1072 3409 1105 3457 18
1128 3402 1168 3456 τὰ

148 3471 251 3542 πολλὰ]
268 3474 386 3541 ποίμνια
404 3503 437 3513 -
458 3476 669 3545 ὁιεννκτερευεν
688 3490 710 3528 ο.
730 3472 873 3542 Kiessling
891 3473 935 3528 Pr.
954 3473 1017 3528 Bas.
1036 3490 1064 3543 p.
1079 3479 1116 3527 12
