2400 3912
1184 8 1188 206 λ

127 241 172 306 84
557 243 721 293 -Δ-

128 403 268 469 λεύεσθε
291 403 355 488 γάρ
379 404 415 470 οί
434 405 694 487 κορυφαιότατοι
717 413 785 468 τῶν
809 402 846 469 ἐν
867 413 939 480 ταῖς
956 405 1068 469 πόλεσι
1084 401 1130 468 καὶ
1187 441 1188 444 =

125 512 166 576 τά
194 512 291 576 κοινὰ
317 510 519 595 πράττοντες
546 508 612 575 ὑπὸ
634 518 696 575 τοῦ
718 514 824 575 καλοῦ
846 509 969 575 τούτου
991 510 1131 594 δημαγω·

125 625 200 700 γοῦ,
224 615 303 702 <δς>
321 615 589 702 παρεσκεύασταί
602 639 638 682 τε
655 617 735 693 τοὺς
753 615 1037 702 ἐπιφανεστάτους
1050 615 1132 700 ὑμῶν

126 723 322 800 ἀποκτείνας
345 720 526 790 ἐπιθέσθαι
549 731 589 808 τῇ
604 726 762 788 Λατίνων
785 723 870 810 ἀρχῇ
893 721 949 788 καλ
972 720 1026 789 ἐπὶ
1042 719 1129 788 τοῦθ’

125 831 206 914 ἥκει.
243 837 347 895 ταῦτα
370 826 402 894 δ’
425 829 487 894 οὐκ
505 830 655 914 εἰκάζων,
678 824 750 895 ἀλλ’
768 829 913 915 ἀκριβῶς
931 828 1133 914 ἐπιστάμενος

125 935 211 1020 λέγω
231 936 405 1020 μηνύσεώς
422 959 480 1020 μοι
497 933 682 1021 γενομένης
700 935 736 1002 έν
754 944 795 1022 τῇ
814 936 1032 1023 παρελθούσῃ
1050 933 1134 1001 νυκτὶ

126 1043 192 1108 ὑπό
215 1065 308 1120 τινος
329 1052 397 1140 τῶν
419 1044 669 1128 μετεσχηκότων
691 1051 749 1127 τῆς
771 1044 995 1128 συνωμοσίας.
1031 1044 1134 1126 τεκμη-
1187 1087 1188 1136 3

129 1172 205 1235 ριον
233 1145 264 1213 δ’
286 1148 367 1232 ὑμῖν
389 1146 573 1235 παρέξομαι
596 1159 663 1215 τῶν
685 1152 798 1233 λόγων
821 1151 922 1236 έργον
945 1148 1134 1235 άναμφίλεκ-
1186 1179 1188 1234 ρ

126 1277 204 1339 τον,
234 1255 293 1320 ἐὰν
320 1252 501 1338 ἐθελήσητε
525 1253 640 1321 ἐλθεῖν
663 1253 717 1322 ἐπὶ
738 1257 801 1339 τὴν
823 1256 1008 1321 κατάλυσιν
1031 1256 1133 1338 αὐτοῦ,

93 1383 118 1423 10
127 1363 167 1427 τά
189 1360 399 1448 κεκρυμμένα
422 1360 460 1426 ἐν
484 1360 568 1446 αὐτῇ
592 1361 701 1441 δείξας
722 1363 817 1428 ὅπλα.

193 1467 409 1534 XXXXVIII.
428 1462 485 1545 Ὡς
508 1466 546 1534 δέ
568 1467 661 1534 ταῦτ’
679 1463 782 1553 εἶπεν,
804 1455 996 1553 ἀνεβόησάν
1013 1492 1049 1534 τε
1066 1469 1166 1534 πάν-θλ

126 1599 180 1652 τες
202 1573 258 1640 καὶ
281 1572 355 1659 περὶ
374 1584 444 1652 τοῖς
462 1573 607 1660 ἀνδράσι
626 1577 772 1652 δεδιότες
790 1573 937 1660 ἐλέγχειν
956 1576 995 1640 τὸ
1014 1584 1134 1661 πρᾶγμα
1187 1603 1188 1652 ;

128 1679 252 1765 καὶμὴ
276 1682 465 1764 φενακίζειν
487 1681 614 1764 ἠξίουν.
651 1679 749 1748 καλό
777 1683 918 1769 Τύρνος,
942 1673 998 1747 οἷα
1023 1682 1064 1764 δὴ
1086 1682 1135 1764 την

90 800 111 864 6

89 886 102 926 5

128 1787 313 1870 ἐπιβουλὴν
336 1787 378 1851 οὐ
400 1788 636 1873 προεγνωκώς,
660 1789 805 1872 άσμενος
826 1789 888 1872 τὴν
911 1786 1061 1865 ἐξέτασιν
1083 1791 1134 1872 ἔφη

94 1912 120 1954 ιε
130 1890 290 1977 δέχεσθαι
323 1890 377 1958 καλ
409 1896 488 1971 τοὺς
520 1893 707 1980 προέδρους
738 1891 791 1960 ἐπὶ
823 1895 885 1978 τὴν
917 1897 1061 1981 ἔρευναν
1090 1903 1136 1976 τῆς

128 1999 338 2076 καταλύσεως
369 1998 478 2065 ἐκάλει
510 1998 568 2066 καλ
599 2001 694 2066 δυεῖν
720 1997 882 2083 γενέσθαι
907 1999 1057 2086 θάτερον
1083 2002 1135 2084 ἔφη

131 2107 213 2188 δεῖν,
237 2103 258 2189 ἢ
277 2105 376 2183 αὐτὸς
394 2105 594 2190 ἀποθανεῖν,
618 2106 677 2174 ἐὰν
695 2106 819 2194 εὑρεθῇ
837 2104 1137 2193 παρεσκευασμένος

130 2211 215 2278 ὅπλα
239 2210 301 2290 ἐξω
324 2221 392 2278 τῶν
415 2212 573 2296 ἐνοδίων,
597 2211 618 2296 ἣ
641 2214 701 2278 τὸν
723 2213 1022 2298 καταψευσάμενον
1046 2213 1137 2280 αὐτοῦ

93 2319 227 2403 2δίκην
259 2318 427 2403 ὑποσχεῖν.
473 2318 583 2384 ἐδόκει
614 2326 732 2384 ταῦτα·
772 2317 828 2385 καὶ
860 2321 896 2384 οί
923 2318 1138 2406 πορευθέντες
1185 2337 1186 2370 ι

93 2423 184 2490 ωέπλ
219 2425 281 2508 τὴν
313 2424 494 2489 κατάλυσιν
526 2424 632 2490 αὐτοῦ
663 2417 977 2510 καταλαμβάνουσιν
1009 2426 1050 2492 έν
1079 2434 1138 2500 τοῖς

129 2533 352 2614 σκευοφόροις
378 2531 419 2595 τά
445 2529 725 2618 κατακρυφθέντα
747 2532 812 2598 ὑπὸ
836 2544 904 2598 τῶν
926 2536 1138 2620 θεραπόντων

130 2636 219 2720 ξίφη.
257 2636 337 2720 μετά
359 2645 458 2702 τοῦτο
476 2639 536 2703 τὸν
555 2634 617 2723 μὶν
635 2639 768 2724 Τύρνον
787 2637 899 2705 οὐκέτι
916 2641 1021 2722 λόγου
1035 2647 1138 2725 τυχεῖν
1184 2663 1185 2696 ι

130 2741 287 2819 ἐάσαντες
315 2742 362 2818 είς
389 2742 567 2828 βάραθρόν
593 2765 626 2808 τι
648 2744 895 2827 καταβάλλουσι
917 2742 974 2810 καὶ
996 2742 1138 2810 ἐπικατα-

131 2850 317 2927 σκάψαντες
330 2850 376 2913 ἐτι
394 2850 514 2926 ζῶντος
527 2849 590 2932 τὴν
603 2859 667 2934 γῆν
681 2851 924 2937 διαφθείρουσι
937 2859 1138 2938 παραχρῆμα.

94 2925 189 3053 {ww
218 2952 255 3022 δὲ
281 2954 471 3040 Ταρκύνιον
494 2954 727 3034 ἐπαινέσαντες
749 2955 802 3022 ἐπὶ
825 2966 883 3042 τῆς
905 2957 1081 3041 ἐκκλησίας
1102 2956 1139 3031 ὡς

129 3065 245 3130 κοινὸν
274 3059 452 3146 εὐεργέτην
474 3072 542 3126 τῶν
565 3065 694 3128 πόλεων
718 3062 771 3129 ἐπὶ
794 3071 839 3152 τῷ
864 3061 1046 3130 σεσωκέναι
1069 3064 1139 3136 τοὺς

202 3297 218 3344 3
237 3288 268 3353 ὃς
291 3291 355 3346 add.
374 3290 479 3346 Reiske
571 3297 586 3346 7
606 3289 814 3361 μετεσχηκότων
833 3290 856 3343 Β
893 3289 1102 3361 ουνεσχηκότων
1118 3287 1138 3339 R

132 3360 364 3426 9*θελήοετεο
444 3369 475 3416 11
496 3361 661 3425 άπαντεςΒ
739 3369 771 3417 13
791 3361 850 3485 δὴχ
860 3364 909 3417 δεῖ
922 3363 948 3416 Α
1027 3368 1062 3416 14
1080 3362 1139 3432 βου-

133 3429 183 3496 λὴν
202 3428 228 3480 Α
316 3437 350 3483 21
370 3430 596 3502 ἀποκρυφθέντα
618 3449 641 3486 ο.
661 3432 805 3501 Kiessling
851 3450 872 3488 r.
892 3434 956 3488 Βαε.
975 3440 1037 3503 p.3
1109 3435 1136 3484 2³

135 3495 344 3565 ἐπισκάψαντες
362 3499 384 3552 Ο
402 3501 556 3568 praeterB
628 3508 664 3556 24
683 3499 784 3567 ζῶντ’ἐς
802 3504 827 3556 Α
865 3506 946 3569 ζῶντι
965 3521 988 3558 ο.
1006 3502 1107 3557 Reiske
