2400 3912
465 220 630 268 -Δ-
1014 215 1055 279 ιι

51 379 129 464 ὁμοῦ
158 375 212 445 καὶ
245 375 374 456 τέκνοις
405 378 488 443 κατὰ
519 379 598 455 τοὺς
628 375 888 462 ἀποδειχθέντας
915 380 1060 463 χρόνους

51 483 213 568 συνέθυόν
240 508 276 551 τε
303 483 358 551 καὶ
386 485 693 570 συνεπανηγύριζον
720 483 776 549 καί
798 484 929 568 ἀγῶνας
952 483 1059 550 ἐπετέ-

50 597 125 657 λουν
153 592 307 669 ἱππικοὺς
335 589 392 656 καὶ
418 593 602 676 γυμνικοὺς
628 589 684 656 καὶ
707 601 774 655 τῶν
796 589 872 676 περὶ
894 592 1059 675 μουσικήν

50 698 261 783 ἀκουσμάτων
287 695 343 764 καὶ
371 701 449 776 τοὺς
475 700 579 774 θεοὺς
606 697 799 782 ἀναθήμασι
825 707 952 774 κοινοῖς
979 696 1060 762 ἐδω-

51 813 174 889 ροῦντο.
215 808 449 891 θεωρήσαντες
477 802 514 869 δὲ
537 801 593 869 καί
615 806 902 910 πανηγυρίσαντες
924 800 980 869 καί
1002 781 1096 908 τάςξ

51 911 144 987 ἀλλας
167 911 424 996 φιλοφροσύνας
447 908 524 997 παρ’
547 910 700 992 ἀλλήλων
724 910 957 994 ἀναλαβόντες,
981 916 1015 975 εί
1028 933 1060 975 τι

50 1019 283 1101 πρόσκρουσμα
311 1017 448 1101 <πόλει>
475 1019 558 1101 πρὸς
584 1018 684 1082 πόλιν
712 1016 874 1100 ἐγεγόνει,
908 1015 1060 1084 δικασταὶ

51 1126 264 1208 καθεζόμενοι
288 1123 413 1210 διῄτων
432 1123 486 1189 καὶ
500 1121 576 1209 περὶ
590 1131 650 1189 τοῦ
672 1124 756 1209 πρὸς
773 1126 853 1200 τοὺς
871 1124 1062 1210 βαρβάρους

49 1231 191 1316 πολέμου
228 1229 284 1296 καί
318 1229 394 1317 περὶ
426 1239 483 1315 τῆς
514 1231 598 1316 πρὸς
631 1229 794 1313 ἀλλήλους
825 1229 1062 1316 ὁμοφροσύνης

49 1340 158 1415 κοινάς
180 1337 356 1403 ἐποιοῦντο
381 1338 513 1421 βουλάς.
546 1345 648 1402 ταῦτα
672 1337 713 1419 δή
736 1334 791 1401 καὶ
810 1337 850 1400 τά
869 1337 967 1420 ὅμοια
985 1313 1099 1440 τού-ᾖ)

50 1465 113 1519 τοις
140 1445 390 1529 παραδείγματα
421 1445 533 1528 λαβὼν
560 1445 756 1527 προθυμίαν
784 1445 856 1526 ἔσχε
885 1441 939 1507 καί
962 1443 1062 1520 αὐτὸς

51 1547 172 1627 ἁπάσας
203 1551 261 1628 τδς
293 1551 493 1635 μετεχούσας
524 1553 637 1627 πόλεις
668 1557 728 1615 τοῦ
757 1552 914 1615 Λατίνων
943 1547 1063 1634 γένους

52 1664 207 1740 συστῆσαι
238 1654 293 1722 καὶ
327 1667 545 1741 συναγαγεῖν,
579 1657 636 1722 ἵνα
668 1658 712 1741 μή
745 1656 980 1736 στασιάζουσαι
1007 1654 1063 1722 καὶ

51 1767 250 1847 πολεμοῦσαι
268 1766 352 1850 πρὸς
371 1762 514 1847 ἀλλήλας
533 1763 597 1828 ὑπὸ
616 1773 684 1829 τῶν
698 1765 970 1849 προσοικούντων
983 1766 1062 1846 βαρ·

54 1868 161 1954 βάρων
183 1871 246 1954 τήν
270 1870 470 1956 ἐλευθερίαν
493 1869 714 1957 ἀφαιρεθῶσι.
1071 1893 1099 1935 ιε

112 1973 230 2041 XXVI.
262 1977 373 2053 Γνοὺς
406 1972 443 2040 δέ
474 1984 578 2041 ταῦτα
608 1977 687 2052 τοὺς
714 1979 909 2062 κρατίστους
937 1977 1063 2062 ἀνδρας

53 2077 82 2156 ἐξ
104 2077 240 2165 ἑκάστης
261 2085 390 2160 πόλεως
409 2082 582 2148 συνεκάλει
600 2079 676 2168 περί
695 2084 848 2167 μεγάλων
866 2081 921 2148 καὶ
939 2095 1063 2149 κοινῶν

14 2190 161 2269 ῖῡλφήσας
178 2188 381 2272 πραγμάτων
401 2188 614 2273 συμβούλους
633 2188 755 2265 αὐτοὺς
774 2194 959 2271 συγκαλεῖν.
994 2187 1064 2254 ἐπεὶ

54 2287 87 2354 δὲ
110 2300 293 2378 συνήλθον,
318 2295 518 2378 συναγαγὼν
541 2297 603 2378 τήν
626 2317 660 2359 τε
675 2289 844 2376 Ῥωμαίων
863 2295 989 2377 βουλήν
1008 2293 1063 2360 καί
1124 2375 1130 2388 ὶ

53 2400 126 2476 τοὺς
151 2400 216 2466 ἀπὸ
243 2410 311 2465 τῶν
338 2402 469 2465 πόλεων
492 2401 634 2484 ήκοντας
656 2402 759 2483 λόγον
782 2398 936 2482 διεξῆλθε
958 2422 1098 2486 παρα-ιο

55 2508 203 2588 κλητικδν
237 2506 412 2591 ὁμονοίας,
451 2507 619 2572 διδάσκων
652 2507 696 2583 ὡς
727 2507 829 2571 καλὸν
861 2503 923 2591 μὲν
954 2517 1063 2592 χρήμα

56 2610 166 2676 πολλαὶ
193 2615 305 2690 πόλεις
333 2620 392 2700 μιᾷ
419 2613 536 2698 γνώμη
563 2614 747 2698 χρώμεναι,
776 2615 895 2698 αίσχρά
923 2611 956 2678 δ’
988 2616 1064 2692 ὄψις

57 2730 221 2801 συγγενῶν
252 2719 410 2804 ἀλλήλαις
443 2718 709 2806 διαφερομένων·
747 2722 855 2784 αίτιόν
887 2716 918 2784 τ’
950 2722 1064 2806 ἰσχύος

58 2818 112 2904 μὲν
139 2835 209 2903 ταῖς
237 2824 418 2891 ἀσθενέσιν
442 2824 640 2907 ἀποφαίνων
668 2823 925 2910 ὁμοφροσύνην,
955 2850 1065 2893 ταπει-

58 2930 186 3013 νότητος
209 2928 248 2996 δὲ
270 2929 326 2996 καὶ
349 2930 527 3007 ἀσθενείας
549 2928 604 2995 καί
627 2938 699 3007 ταῖς
721 2930 810 2995 πάνυ
834 2932 983 3019 ίσχυραϊς
1006 2934 1061 2999 ἀλ-
1070 2954 1098 2996 τε

59 3037 293 3122 ληλοφθορίαν.
329 3046 433 3104 ταῦτα
456 3035 638 3115 διεξελθὼν
662 3035 836 3103 ἐδίδασκεν
859 3039 994 3123 αὐτούς,
1020 3041 1102 3117 ὡς2

123 3265 242 3322 4verba
269 3264 318 3320 καί
338 3295 372 3306 -
392 3259 547 3335 ἐδωροῦντο
575 3264 751 3336 όταοεμοειιὶθ
776 3267 843 3334 μοεθ
869 3263 1011 3322 συνέθυόν
1034 3288 1064 3324 τε

63 3329 178 3390 Schnelle
197 3335 295 3391 Exere.
315 3336 377 3390 crib.
395 3355 424 3407 p.
439 3343 472 3392 35
529 3342 544 3392 ’ί
563 3335 643 3391 πόλει
662 3336 726 3391 add.
740 3335 844 3391 Reiske
900 3345 932 3392 12
952 3337 1066 3404 ἀπάτας

63 3403 89 3454 θλ
103 3407 266 3478 μετεχούσας
285 3407 390 3464 add.B
454 3414 489 3462 24
508 3407 633 3475 ἀλλήλων
651 3407 677 3460 Α
737 3413 771 3462 25
790 3408 1065 3478 ἀλληλοφθονίοινΟ

64 3472 280 3549 ἀλληλοφθορίαν
299 3478 387 3536 Cobet
405 3478 469 3534 obs.
489 3498 517 3548 p.
537 3485 570 3533 82
996 3521 1004 3539 .
