2394 3912
459 227 621 278 -5-
984 227 1049 292 361

40 391 136 468 μεθα,
166 385 251 451 ἀλλά
278 384 335 451 καί
361 387 409 463 εἰς
430 387 469 451 τὸ
493 387 612 451 λοιπὸν
636 384 833 472 ἀνείρξομεν
856 387 968 454 αὐτῶν
990 391 1052 474 την

39 490 198 577 ἀκοσμίαν
216 496 309 580 νόμφ
328 491 484 570 τάξαντες
502 493 651 579 ἀριθμὸν
670 492 764 577 ἐτῶν,
784 494 825 559 ὃν
845 496 956 579 δεήσει
973 499 1053 574 τοὺς

40 599 281 681 βουλεύσοντας
307 601 409 685 ἔχειν·
440 609 511 676 τοῖς
540 596 577 664 δὲ
604 599 843 686 πρεσβυτέροις
869 601 1052 680 ἀποδόντες

39 707 134 788 λόγον
166 700 284 789 αὖθις,
315 705 374 771 ἐάν
403 703 511 791 μηδὲν
540 704 777 792 συμφέρωνται
799 719 871 785 ταῖς
892 709 1051 793 γνώμαις,

38 813 144 898 ταχείᾳ
166 813 231 896 την
255 816 465 896 φιλονεικίαν
488 813 600 879 αὐτῶν
622 814 769 898 λύσομεν
792 814 872 902 ὁδῶ,
894 815 939 898 ἣν
961 817 1074 900 ἄμα-ε

39 921 93 983 νόν
121 917 214 984 ἐστιν
242 919 328 1004 ὑμᾶς
355 927 564 1004 προακοῦσαι
591 917 647 984 καὶ
670 926 802 1004 μαθεῖν.
848 927 917 987 ἰστε
942 923 1087 1005 δηκουδ

39 1026 137 1108 νόμον
154 1024 238 1109 ἡμῖν
250 1024 454 1110 ῦπάρηοντα,
474 1023 507 1103 ἐξ
524 1019 565 1090 οὗ
579 1027 680 1109 τήνδε
694 1027 852 1111 οἰκοῦμεν
865 1028 927 1111 την
941 1030 1052 1110 πόλιν,

39 1131 165 1197 πάντων
196 1125 285 1196 εἶναι
316 1133 438 1216 κυρίαν
465 1131 527 1214 τὴν
555 1133 697 1215 βουλήν,
727 1134 815 1217 πλὴν
843 1133 945 1220 ἀρχάς
972 1133 1052 1200 ἀπο-

41 1237 136 1316 δεῖξαι
164 1235 223 1304 καί
250 1240 377 1322 νόμους
403 1240 549 1322 ψηφίσαι
575 1235 632 1302 καί
652 1241 801 1322 πόλεμον
825 1238 1007 1322 ἐξενεγκεῖν
1031 1240 1050 1323 ἢ

40 1344 91 1409 τὸν
118 1355 310 1410 συνεστῶτα
337 1344 604 1410 καταλύσασθαι·
637 1345 767 1411 τούτου
798 1343 835 1410 δὲ
857 1357 925 1412 τῶν
947 1357 1050 1432 τριῶν
1061 1369 1088 1408 ιο

14 1451 92 1514 λιτὸν
114 1452 225 1537 δῆμον
248 1453 336 1536 ἔχειν
359 1451 421 1534 την
444 1448 601 1527 ἐξουσίαν
623 1459 740 1535 ψῆφον
763 1450 974 1537 ἐπιφέροντα.
1014 1451 1050 1518 ἐν

42 1551 72 1622 δὲ
95 1566 140 1646 τςό
169 1559 312 1643 παρόντι
336 1555 397 1639 οὐχ
419 1552 503 1641 ὑπὲρ
528 1553 643 1642 ἑτέρου
665 1557 758 1632 τινὸς
779 1555 800 1640 ἣ
824 1556 972 1642 πολέμου
995 1558 1050 1625 καί
1082 1611 1084 1616 ,

41 1665 165 1749 εἰρήνης
194 1666 442 1748 βουλευόμεθα,
471 1663 554 1728 ὥστε
579 1664 684 1746 πολλὴ
708 1663 835 1749 ἀνάγιιη
859 1666 919 1730 τὸν
943 1666 1050 1749 δῆμον

41 1767 235 1856 ἐπικυρῶσαι
270 1772 329 1847 τάς
360 1768 520 1854 ἡμετέρας
550 1769 686 1854 γνώμας
717 1775 835 1856 ύηφου
867 1774 1050 1856 γενόμενον

41 1876 157 1962 κύριον.
205 1878 485 1963 παραγγείλαντες
509 1875 550 1958 δὴ
574 1883 620 1964 τρῖ
643 1879 767 1961 πλήθει
789 1889 946 1964 παρεῖναι
968 1881 1051 1944 κατὰ

41 1985 129 2050 τόνδε
150 1987 213 2052 τὸν
235 1987 342 2069 νόμον
366 1984 413 2060 εἰς
435 1983 497 2066 την
521 1981 664 2067 ἀγρράν,
692 1983 828 2050 ἐπειδᾶν
851 1986 946 2070 ὑμεῖς
969 1986 1050 2051 ἀπο-

42 2088 189 2175 δείξησθε
215 2094 275 2174 τάς
302 2093 454 2176 γνώμας,
481 2090 701 2174 ἀποδώσομεν
724 2090 814 2178 αύτρῖ
837 2091 899 2174 την
922 2100 1050 2177 ψῆφον,

42 2195 137 2275 οὕτως
159 2197 203 2266 ἀν
227 2199 368 2284 μάλιστα
386 2199 583 2282 νομίσαντες
602 2195 749 2281 ἀρθῆναι
767 2197 829 2279 τὴν
848 2199 921 2283 έριν
939 2197 1049 2281 ὑμῶν·

42 2300 57 2363 ὅ
80 2326 109 2368 τι
136 2303 167 2370 δ’
193 2303 235 2370 ἀν
262 2305 297 2369 οἰ
316 2306 452 2379 πλείους
474 2305 703 2387 ψηφίσωνται,
732 2296 833 2367 τοῦθ’
854 2300 1050 2387 ἡγησόμεθα

41 2409 157 2493 κύριον.
197 2410 284 2489 ἀξιον
308 2407 344 2476 δὲ
368 2411 479 2494 δηπου
500 2410 622 2493 ταύτης
645 2405 711 2474 εἰσί
732 2417 791 2492 τῆς
813 2417 908 2492 τιμῆς
929 2410 1089 2494 τυγχά-το

42 2536 104 2580 νειν
127 2519 162 2583 οί
184 2516 397 2602 διαμένοντες
419 2510 513 2581 εὖνοι
535 2522 574 2600 τῇ
597 2518 692 2581 πόλει
711 2512 767 2580 καί
786 2514 962 2600 μέλλοντες
982 2517 1050 2581 ἰσο-

43 2634 160 2702 μοιρεῖν
183 2625 264 2708 ἡμῖν
285 2632 398 2688 κακῶν
418 2644 454 2686 τε
477 2618 534 2687 καί
558 2620 705 2704 ἀγαθῶν.

1064 1849 1090 1912 4

99 2729 230 2796 LXVII.
272 2722 371 2796 Ταῦτ’
402 2730 551 2804 εἰπόντες
583 2726 745 2794 διέλυσαν
776 2728 836 2792 τὸν
867 2728 1048 2812 σύλλογον·
1142 2777 1151 2796 .

43 2819 104 2911 ταῖς
134 2835 165 2902 δ’
194 2836 268 2920 ἑξῆς
294 2835 431 2921 ἡμέραις
459 2839 677 2920 παραγγεῖλαι
704 2834 919 2912 κελεύσαντες
946 2836 1050 2901 ἀπασι

43 2949 104 3016 τοῖς
129 2945 211 3010 κατὰ
237 2946 316 3019 τοὺς
343 2941 467 3028 ἀγροὺς
496 2938 552 3006 καὶ
580 2942 620 3006 τά
643 2941 791 3026 φρούρια
814 2951 968 3025 παρεῖναι
991 2939 1087 3008 καίτσ

44 3052 76 3128 τῇ
101 3050 203 3134 βουλῇ
231 3034 539 3134 προαγορεύσαντες
566 3047 660 3130 ἥκειν
689 3047 736 3122 εἰς
758 3045 821 3129 τὴν
845 3045 950 3130 αὐτην
972 3045 1049 3131 ἡμέ-

45 3171 109 3236 ραν,
131 3155 243 3240 έπειδη
267 3153 458 3240 κατέμαθον
482 3156 583 3238 όχλου
602 3153 726 3238 μεστὴν
747 3147 852 3218 οὖσαν
871 3155 932 3238 την
950 3156 1050 3219 πόλιν

108 3347 379 3420 3βουλεύοονταςΒ
408 3345 653 3420 βουλεύσανταςΡτ
708 3343 816 3416 4μηδδ
830 3343 892 3400 τότε
907 3362 930 3400 c.
945 3345 1049 3400 Reiske
1138 3351 1140 3358 ’

47 3416 75 3466 18
92 3409 276 3489 ἐξαιρεθῆναι,
295 3435 317 3474 ο.
341 3417 486 3487 Kiessling
508 3416 673 3472 dubitanter
745 3423 779 3472 21
801 3416 941 3473 εῦνοίαΒ
1015 3424 1051 3473 24
1183 3451 1184 3456 =

46 3481 139 3556 όμὲοᾱε
156 3489 181 3544 Α

1061 1933 1088 1976 λῦ
1185 1949 1186 1998 η
