2394 3912
464 153 623 254 -ε-
986 200 1052 266 385

26 359 80 427 ἐπὶ
107 357 216 456 τοῦθ’
241 363 381 445 ήκουσιν
411 321 491 428 οὐδὲ
523 371 588 429 νῦν
620 361 789 448 ἐπέρχεται
817 364 971 448 μετρίους
997 361 1052 428 καὶ

27 469 302 554 φιλανθρώπους
318 475 491 535 ποιεῖσθαι
504 472 636 552 λόγους,
655 472 730 534 τίνα
744 470 806 554 χρή
822 470 934 535 δοκεῖν
948 491 1052 553 παρα-

28 575 219 656 στήσεσθαι
242 574 410 658 διάνοιαν,
444 575 524 641 ὅταν
548 575 662 652 αὐτοῖς
684 572 755 640 κατ’
777 574 895 641 έλπίδα
916 579 1050 663 χωρήση

26 680 65 744 τά
88 681 284 766 πράγματα,
306 678 362 746 καὶ
384 680 521 765 γένηται
543 683 583 746 τά
605 690 670 746 νῦν
692 681 891 767 ὑβριζόμενα
910 693 980 760 τοῖς
998 686 1051 750 λό-

28 809 101 868 γοις
124 786 306 871 ὑποχείρια
328 797 398 864 τοῖς
417 789 540 870 ἔργοις;
564 792 662 865 ποίας
679 787 911 873 ὑπερηφανίας
929 788 1078 867 αὐτοὺςῠ

29 890 235 977 ἀφέξεσθαι,
258 896 356 971 ποίας
379 895 502 976 αἰκίας,
525 896 623 971 ποίας
646 894 815 979 ὠμότητος
836 905 1051 981 τυραννιαής;

29 995 98 1063 ἀλλ’
129 1001 163 1066 εί
192 997 253 1086 μὲν
281 1000 361 1086 ὑμῖν
388 999 516 1085 ἀπόχρη
546 1002 720 1068 δουλεύειν
749 1002 877 1067 ἅπαντα
904 1002 964 1067 τὸν
991 1007 1087 1071 τοῦ3

31 1107 105 1186 βίον
135 1109 266 1192 χρόνον
295 1106 484 1191 δεδεμένοις
511 1105 566 1173 καὶ
594 1105 872 1193 μαστιγουμένοις
893 1106 948 1172 καὶ
970 1106 1052 1194 πυρὶ

30 1209 83 1276 καὶ
107 1213 240 1301 σιδήρῳ
259 1211 313 1280 καὶ
333 1218 418 1300 λιμηό
437 1211 493 1279 καὶ
511 1214 600 1300 πάσῃ
619 1215 710 1300 λώβη
731 1214 982 1299 ἀπολλυμένοις,
1006 1216 1051 1300 μή

32 1321 161 1402 τρίβετε
186 1321 247 1385 τὸν
269 1323 405 1407 χρόνον,
429 1319 512 1386 ἀλλά
535 1323 575 1386 τά
598 1321 683 1387 όπλα
705 1319 862 1406 ῥίψαντές
878 1345 914 1387 τε
932 1319 988 1387 καὶ
1006 1321 1052 1387 τδι
1067 1342 1093 1382 ιο

32 1435 116 1510 χεῖρε
151 1428 414 1511 περιαγαγόντες
445 1426 663 1494 ἀκολουθεῖτε
696 1427 822 1503 αὐτοῖς·
864 1428 896 1492 εί
926 1423 963 1492 δὲ
995 1437 1053 1512 τῆς

34 1528 230 1618 ἐλευθερίας
257 1534 385 1599 ἔνεστιν
412 1532 493 1618 ὑμῖν
518 1557 568 1611 τις
590 1537 713 1616 πόθος,
741 1535 785 1619 μή
810 1531 970 1617 ἀνέχεσθε
994 1533 1052 1600 αύ-

33 1646 105 1702 τών.
153 1639 251 1723 ὑμεῖς
272 1637 315 1722 τ’,
340 1633 366 1704 ὑ
390 1637 558 1724 πρέσβεις,
586 1640 606 1724 ή
631 1635 750 1724 λέγετε,
775 1636 829 1723 ἐφ’
852 1632 902 1717 οἷς
925 1645 1052 1706 καλεῖτε

35 1742 115 1826 ἡμᾶς
140 1747 299 1829 δικαίοις,
322 1745 343 1829 ή
366 1745 410 1830 μή
434 1745 587 1828 λέγοντες
610 1747 646 1813 ἐκ
668 1756 726 1832 τῆς
749 1746 922 1830 ἐκκλησίας
945 1747 1052 1813 άπιτε·

37 1849 74 1914 οὐ
96 1853 164 1938 γάρ
189 1851 232 1918 άν
254 1856 302 1918 ἔτι
325 1854 546 1937 μεταδοίημεν
569 1854 650 1939 ὑμῖν
674 1857 786 1937 λόγου.
1067 1875 1093 1915 ιι

10 1966 37 2016 29
99 1958 283 2025 LXXXIII.
318 1955 373 2037 Ὡς
406 1953 437 2023 δ’
464 1958 644 2044 ἐπαύσατο,
676 1961 796 2038 πάντες
828 1961 865 2025 οί
892 1965 1054 2044 παρόντες

39 2061 293 2152 ἐπεθορύβησαν
320 2066 366 2143 ώς
391 2065 434 2130 τά
461 2063 581 2130 δέοντα
608 2062 831 2152 λελογισμένῳ
859 2080 1053 2148 συγκατατι-

38 2168 175 2256 θέμενοι
216 2171 271 2238 ιιαὶ
295 2173 375 2257 μετά
398 2179 497 2238 τοῦτο
520 2172 660 2255 ἡσυχίας
681 2169 863 2255 γενομένης
881 2172 1054 2253 Μενήνιος

37 2270 230 2363 Ἀγρίππας,
259 2279 360 2360 ὅσπερ
388 2276 443 2344 καὶ
471 2280 550 2355 τοὺς
576 2277 612 2343 έν
634 2286 674 2363 τῇ
698 2281 803 2361 βουλή
827 2279 947 2359 λόγους
968 2274 1053 2363 ὑπὲρ

39 2392 95 2448 τοῦ
124 2387 234 2471 δήμου
263 2384 394 2452 διέθετο
422 2383 478 2449 καὶ
501 2392 562 2450 τοῦ
585 2390 783 2470 πεμφθῆναι
806 2383 868 2466 τήν
890 2383 1051 2469 αύτοιιρά·
1066 2403 1093 2444 ιο

40 2511 117 2574 τορα
139 2494 320 2576 πρεσβείαν
338 2493 442 2576 <τήν>
460 2491 600 2576 γνώμην
623 2490 882 2575 ἀποφηνάμενος
903 2491 1053 2556 αίτιώτα-

40 2617 92 2672 τος
108 2592 163 2682 ἦν,
184 2600 383 2684 διεσήμηνεν
402 2598 453 2663 ὅτι
471 2598 626 2683 βούλεται
644 2595 700 2664 καὶ
719 2597 818 2673 αὐτὸς
837 2597 950 2661 εἰπεῖν.
983 2607 1053 2673 τοῖς

42 2696 76 2766 δὲ
92 2703 162 2772 κατ’
181 2706 287 2791 ἐὐχήν
306 2706 343 2771 τὸ
361 2714 495 2790 πρᾶγμα
515 2705 622 2790 ἐφάνη
641 2702 696 2770 καὶ
714 2705 798 2770 νυνί
811 2700 852 2787 γέ
867 2726 919 2769 τοι
938 2706 1049 2788 λόγων

14 2829 15 2834 ’
41 2806 206 2898 ὑπέλαβον
229 2813 433 2878 ἀκούσεσθαι
456 2812 637 2895 συμβάσεις
659 2810 824 2894 ἀληθινάς
846 2807 900 2875 καὶ
918 2810 1053 2896 γνώμας

44 2923 222 3002 σωτηρίους
245 2917 372 3002 ἀμφοῖν
395 2917 550 3001 ἐχόντων.
587 2915 642 2982 καί
665 2918 702 2980 τὸ
726 2913 788 3000 μὲν
807 2927 940 3001 πρῶτον
959 2895 1094 3010 ἕπερ-,25

45 3023 191 3108 ρόθησαν
210 3025 351 3102 άπαντες
369 3027 432 3108 βοή
446 3023 571 3110 μεγάλη
586 3023 696 3106 λέγειν
709 3023 916 3098 κελεύοντες·
934 3024 1052 3088 ’ἔπειτα

113 3257 126 3304 1
146 3247 192 3306 Iul
209 3252 299 3323 τούτῳ
317 3268 340 3306 c.
361 3251 483 3322 Sylburg
539 3258 554 3305 2
573 3250 812 3321 παραστήσασθαι
830 3251 854 3304 Β
910 3257 925 3304 6
944 3248 1051 3323 αἰκίας]

47 3322 141 3385 κακίας
157 3323 204 3377 Bb
278 3321 469 3378 7*πάνταο
535 3329 568 3377 10
586 3323 635 3378 τὸν
654 3321 751 3377 om.B
822 3328 852 3376 11
872 3320 1053 3392 περιάγοντες

47 3384 67 3437 Β
154 3400 185 3448 17
205 3393 439 3465 σολλελογιτμένω
462 3412 485 3450 ο.
505 3393 608 3448 Reiske
700 3400 732 3447 21
752 3392 804 3461 τὴν
823 3392 888 3447 αδδ.
907 3391 1053 3462 KIessling

49 3461 79 3510 25
97 3467 228 3536 σωτηρίας
248 3466 270 3520 O
290 3483 360 3520 cort.
381 3449 503 3535 Sbeurg

96 3561 317 3606 D1ouxs.HA1..11.
339 3575 378 3606 ιω.
392 3565 495 3606 λεοοιιτ.
857 3557 891 3607 25
