2400 3912
463 218 626 268 ...Ε-

53 377 84 442 ἐκ
102 384 159 442 τοῦ
182 377 323 463 δρυμοῦ,
345 374 422 464 παρ’
445 377 486 443 ὃν
510 376 865 464 ἐστρατοπεδεύσαντο,
889 383 987 464 φωνή
1005 403 1056 457 τις

52 484 191 568 ἠκούσθη
220 494 292 561 ταῖς
320 484 504 568 δυνάμεσιν
532 482 735 570 ἀμφοτέραις
761 495 936 568 γεγονυῖα,
965 480 1051 553 ὥσθ’

50 591 184 668 ἅπαντας
207 590 329 669 αὐτούς
353 590 489 658 ἀκούειν
512 596 578 656 είτε
600 599 661 656 τοῦ
683 590 880 676 κατέχοντος
902 591 939 656 τὸ
963 591 1054 676 τέμε-

49 719 99 773 νος
122 697 231 784 ἥρωος
259 704 323 766 είτε
346 707 406 764 τοῦ
428 696 639 782 καλουμένου
664 698 812 764 Φαύνου.
857 698 965 786 τούτῳ
988 699 1088 783 χάρ3

49 802 233 870 ἀνατιθέασι
264 813 310 893 τῷ
344 806 479 890 δαίμονι
501 801 655 889 Ῥωμαῖοι
686 807 727 870 τά
758 805 881 870 πανικὰ
906 802 963 870 καί
990 805 1079 869 ὅσαε

22 910 191 994 ειφάσματα
214 912 348 998 μορφὰς
371 912 488 977 άλλοτε
511 910 646 988 ἀλλοίας
669 916 806 997 ἴσχοντα
829 913 876 988 είς
897 912 977 990 ὄψιν
996 911 1053 976 ἀν-

47 1017 184 1101 θρώπων
208 1020 338 1104 ἔρχεται
362 1018 498 1102 δείματα
522 1016 680 1101 φέροντα,
703 1016 725 1102 ἢ
749 1016 860 1103 φιοναὶ
884 1019 1053 1102 δαιμόνιοι

46 1125 234 1208 ταράττουσι
263 1124 321 1200 τάς
351 1122 451 1200 ἀκοάς
480 1123 602 1188 τούτου
630 1122 736 1209 φασίν
765 1118 852 1190 εἶναι
879 1132 940 1190 τοῦ
966 1129 1053 1188 θεοῦ

46 1230 75 1292 τὸ
100 1231 208 1315 ἔργον.
255 1228 276 1313 ἡ
305 1225 343 1294 δὲ
370 1238 431 1294 τοῦ
459 1230 637 1312 δαιμονίου
665 1229 762 1313 φωνὴ
786 1235 930 1316 θαρρεῖν
952 1249 1052 1317 παρε-

45 1337 182 1403 κελεύετο
210 1347 283 1413 τοῖς
306 1330 481 1420 Ῥωμαίοις
507 1335 551 1412 ὡς
578 1338 805 1420 νενικηκόσιν,
838 1332 889 1402 ἑνί
917 1339 1052 1414 πλείους
1067 1359 1092 1399 ιο

45 1435 119 1506 εἶναι
139 1445 221 1520 τοὺς
240 1452 308 1507 τῶν
326 1444 495 1525 πολεμίων
514 1441 750 1526 ἀποφαίνουσα
769 1443 918 1527 νεκρούς.
947 1443 1050 1528 ταύτη

44 1549 165 1631 λέγουσι
188 1557 232 1635 τῇ
254 1556 353 1633 φωνῇ
375 1549 436 1614 τὸν
453 1548 641 1634 Οὐαλέριον
659 1547 848 1635 ἐπαρθέντα
866 1550 986 1627 νυκτὸς
1004 1551 1051 1614 ἔτι

45 1659 154 1741 πολλῆς
182 1654 239 1722 έπὶ
270 1658 330 1721 τὸν
357 1655 485 1741 χάρακα
511 1664 580 1720 τῶν
607 1658 790 1741 Τυρρηνῶν
820 1657 974 1722 ὤσασθαι
996 1653 1051 1721 καὶ

43 1764 175 1840 πολλοὺς
198 1759 263 1848 μέν
286 1761 525 1829 ἀποκτείναντα
548 1761 582 1842 έξ
605 1761 727 1846 αὐτῶν,
750 1765 830 1840 τοὺς
853 1759 890 1828 δὲ
914 1765 1052 1839 λοιπούς

42 1867 215 1952 ἐκβαλόντα
238 1877 399 1955 κρατῆσαι
422 1877 484 1935 τοῦ
506 1867 742 1955 στρατοπέδου.
1066 1888 1091 1931 ιε

96 1977 202 2043 XVII.
242 1980 383 2042 Τοιοῦτο
411 1973 472 2061 μέν
500 1975 520 2059 η
548 1975 634 2061 μάχη
662 1973 756 2055 τέλος
784 1979 915 2060 ἔλαβεν·
952 1985 992 2061 τῇ
1016 1973 1047 2041 δ’

40 2079 103 2167 ἑξῆς
127 2083 240 2171 ἡμέρᾳ
266 2083 507 2159 σκυλεύσαντες
535 2083 571 2148 οί
584 2077 740 2168 Ῥωμαίοι
756 2085 842 2160 τοὺς
863 2093 931 2148 τῶν
953 2088 1050 2148 πολε-

16 2191 115 2271 εηιίυν
137 2193 282 2277 νεκροὺς
304 2187 360 2255 καὶ
382 2191 461 2265 τοὺς
485 2186 613 2254 ἑαυτῶν
631 2189 802 2268 θάψαντες
820 2186 977 2274 ἀπῄεσαν.
1010 2191 1048 2254 τὸ

39 2292 70 2360 δέ
89 2299 247 2383 Βρούτου
275 2307 369 2382 σῶμα
397 2295 558 2382 ἀράμενοι
586 2297 666 2380 μετά
688 2299 822 2362 πολλῶν
846 2294 991 2361 ἐπαίνων
1013 2317 1050 2360 τε

38 2400 85 2466 καί
111 2404 272 2490 δακρύων
300 2405 347 2481 είς
374 2403 436 2487 την
454 2397 582 2487 Ῥώμην
606 2401 802 2487 ἀπεκόμιζον
825 2402 861 2468 οἱ
880 2401 1049 2488 κράτιστοι
1063 2424 1090 2464 κο

38 2521 95 2574 τῶν
109 2510 241 2578 ἱππέων
255 2511 435 2595 στεφάνοις
447 2506 696 2594 κεκοσμημένον
710 2508 897 2594 ἀριστείοις.
919 2509 1048 2593 ὑπήντα
1063 2515 1083 2578 2

39 2610 65 2679 δ’
83 2617 199 2695 αὐτοῖς
222 2618 244 2701 ἥ
268 2641 301 2682 τε
325 2617 430 2700 βουλὴ
449 2617 622 2702 θριάμβου
639 2624 814 2700 καταχωχη
832 2616 1049 2702 ψηφισαμένη

37 2733 195 2810 κοσμῆσαι
227 2725 298 2789 τὸν
319 2723 481 2808 ἡγεμόνα,
513 2720 568 2789 καὶ
600 2722 618 2787 ὁ
648 2724 751 2807 δημος
778 2724 863 2800 άπας
889 2732 1050 2810 κρατῆρσι

37 2828 83 2894 καί
109 2828 288 2920 τραπέζαις
309 2830 556 2915 ὑποδεχόμενος
578 2830 639 2913 τὴν
662 2831 829 2914 στρατιάν.
875 2830 920 2907 ὡς
943 2825 977 2895 δ’
1003 2832 1050 2907 είς

100 3058 314 3130 θηεχοννῐαΟ
342 3067 504 3128 χεχοινοῦσα
522 3074 545 3113 ο.
560 3056 665 3113 Reiske
693 3057 775 3128 φωνή
788 3079 831 3121 τις
843 3056 960 3128 χέχονεν
974 3056 1046 3112 ὥσθ’

38 3126 159 3194 ἅπαντας
182 3131 285 3194 αάτοάς
304 3130 421 3190 ἀκούειν
440 3147 462 3184 ο.
483 3127 614 3184 Schnelle
633 3130 729 3184 Exere.
750 3128 811 3185 crit.
830 3148 857 3200 p.
875 3135 907 3183 1⁷
963 3136 978 3183 3
998 3130 1050 3184 αύ-

37 3200 94 3263 τούς
110 3199 165 3255 AB
201 3203 288 3271 αὐτῆς
306 3201 333 3254 R
387 3199 557 3271 6φάοματα
571 3220 623 3270 μορ
649 3200 682 3263 ἀς
696 3200 792 3256 ἀλλοτε
808 3202 920 3263 ἀλλοίας
935 3202 1050 3269 ίσχοντα

37 3269 71 3332 είς
88 3272 134 3326 Ba
172 3273 308 3344 φάσματα
328 3270 347 3325 δι
366 3291 393 3342 μ.
413 3273 439 3326 ἀ,
460 3272 486 3326 ἀ.
508 3270 525 3326 ί.
545 3270 585 3334 είς
603 3221 649 3324 ΒἘ
687 3271 822 3342 φάσματα
841 3269 920 3327 διότι
937 3271 1050 3335 ἀλλοίας

37 3341 144 3410 ἴσχοντα
164 3343 277 3414 μορφὰς
296 3341 336 3406 εἰς
355 3343 380 3396 R
396 3345 399 3411 Ι
416 3343 501 3406 ἀλλας
519 3360 542 3399 ο.
562 3341 651 3397 Cobet
670 3343 735 3400 obs.
750 3361 777 3413 p.
793 3349 827 3398 98
883 3348 898 3397 7
919 3340 1050 3412 ἔρχονται

38 3410 143 3470 Oeorr.
163 3414 309 3484 Kiessling
373 3413 576 3484 8ταράττουσι
594 3412 672 3466 ABa
706 3413 895 3484 ταράττουσαν
912 3415 960 3468 Bb
1016 3421 1049 3469 19

36 3482 62 3536 τὸ
81 3482 111 3538 δέ
131 3505 192 3540 του.
211 3486 336 3556 Βρούτον
355 3484 379 3537 Β

835 3571 891 3626 11*
