2400 3912
147 216 211 282 182
468 202 739 268 '-1·1-

146 385 268 462 μαθεϊν
296 376 528 462 βουλομένων,
556 380 601 444 Ec
626 380 748 462 φίλους
775 378 850 446 ἀντὶ
872 382 1048 464 πολεμίων,
1073 382 1160 464 έφημιι

145 487 301 569 ποιήσαιο
338 487 417 561 τοὺς
449 485 594 571 ἀνδρας,
631 485 829 572 τιμιωτέραν
861 486 1064 572 ἡγησάμενος
1087 488 1132 570 τήν

147 601 290 658 σεαυτοῦ
317 592 430 675 ψυχήν
457 599 514 675 της
541 592 694 658 καθόδου
717 603 784 658 τῶν
807 595 873 658 σὺν
901 597 1068 681 Ταρκυνίῳ
1087 617 1134 678 φο-

111 700 269 784 3γάδων.
315 696 383 762 Καὶ
406 697 424 764 ὁ
448 700 606 780 βασιλεὺς
628 699 669 764 τά
690 698 849 784 κράτιστα
873 697 935 784 μὲν
956 703 1074 785 ἔφησεν
1093 700 1134 764 αὐ-

119 808 204 873 ιτὸν
237 803 363 888 λέγειν,
395 806 520 888 βουλῆς
553 801 584 868 δ’
611 799 698 870 εἶναι
726 800 820 883 ἀξιον
847 807 886 871 τὸ
914 815 1059 891 πρᾶγμα,
1085 817 1135 882 πός

145 912 318 996 εὐπρεπεῖς
338 913 538 996 γενήσονται
556 913 639 997 πρὸς
658 912 781 989 αύτούς
799 913 837 978 αλ
853 914 1039 996 διαλλαγαί·
1062 912 1135 997 μεγί-

145 1023 209 1100 λην
233 1019 396 1102 αἰσχύνην
419 1019 560 1104 φάσκων
582 1012 681 1102 εἶναι,
706 1019 738 1086 εί
758 1022 926 1105 κρατήσας
944 1019 1054 1086 αὐτῶν
1072 1019 1135 1104 μίχη

144 1122 200 1190 καὶ
222 1127 384 1212 τειχήρεις
408 1127 493 1209 έχων
517 1125 742 1209 ἀπελεύσεται,
767 1122 877 1210 μηθὲν
897 1121 945 1190 ὧν
964 1130 1136 1212 Ταρκυνίοις

144 1229 312 1315 ὑπέσχετο
336 1231 615 1318 διαπραξόμενος,
649 1233 759 1317 ὥσπερ
794 1232 976 1316 ἡττημένος
1004 1233 1066 1298 ὑπὸ
1088 1243 1136 1298 τόν

105 1359 131 1398 10
145 1337 371 1424 νενικημένων
398 1338 454 1406 καὶ
481 1340 657 1424 πεφευγὼς
683 1343 762 1417 τοὺς
789 1336 867 1424 μηδ’
890 1339 926 1406 έιι
953 1337 1137 1406 τῶνπυλῶν

144 1446 373 1531 ὑπομένοντας
405 1448 452 1511 ἔτι
482 1451 675 1531 προελθεῖν·
713 1449 793 1530 μίαν
821 1442 859 1511 δὲ
887 1448 997 1530 μόνην
1025 1449 1137 1512 ἔσεσθαι

144 1552 344 1638 ἀποφαίνων
366 1553 472 1636 καλήν
494 1561 553 1636 τής
575 1555 699 1638 ἔχθρας
721 1553 831 1635 λύσιν,
854 1554 887 1618 εί
907 1554 997 1637 παρὰ
1020 1564 1081 1619 τῶν
1096 1574 1137 1618 πο-

144 1662 268 1743 λεμίων
301 1656 545 1742 παραγένοιντό
577 1683 666 1736 τινες
694 1660 778 1745 πρὸς
810 1658 913 1724 αὐτὸν
945 1656 1022 1746 περὶ
1048 1662 1138 1745 φιλίας

145 1767 386 1848 διαλεγόμενοι.
875 1853 876 1856 ¹
1042 1831 1047 1839 ,

105 1890 130 1931 15
212 1871 330 1936 XXXI.
367 1875 478 1938 Ταῦτα
509 1869 570 1957 μὲν
599 1875 672 1938 τότε
700 1874 783 1956 πρὸς
809 1873 869 1938 τὸν
896 1873 975 1940 νλὸν
1002 1872 1058 1940 καλ
1081 1875 1139 1948 τοὺς

144 1979 312 2061 παρόντας
325 1971 429 2042 εἶπεν·
453 1977 580 2060 όλίγαις
595 1973 627 2042 δ’
638 1979 781 2064 ὕστερον
794 1979 933 2067 ἡμέραις
946 1981 1048 2058 αὐτὸς
1062 1980 1139 2064 ἡναγ-

116 2145 118 2150 .
143 2084 254 2168 κτίσθη
278 2086 436 2171 πρότερος
461 2085 576 2170 ἀρχειν
598 2087 709 2168 λόγων
732 2087 999 2173 διαλλακτηρίων
1022 2088 1077 2152 διδ
1090 2109 1140 2151 τοι

144 2191 250 2275 αύτην
287 2193 413 2257 αἰτίαν·
459 2177 711 2276 ἐσκεδασμένων
748 2192 811 2258 ἀνά
846 2195 908 2278 τήν
944 2195 1058 2282 χώραν
1089 2201 1168 2257 τόνου

145 2308 357 2385 στρατιωτῶν
384 2295 440 2362 καὶ
469 2299 527 2374 τάς
557 2296 722 2382 ἀγομένας
749 2301 797 2376 είς
823 2301 884 2384 τήν
911 2303 1012 2366 πόλιν
1039 2300 1141 2385 ἀγορὰς

105 2425 132 2466 ιο
147 2405 408 2492 ἀφαιρουμένων
435 2402 490 2470 καὶ
513 2413 613 2470 τοῦτο
635 2406 827 2472 ποιούντων
849 2417 1012 2491 συνεχῶς,
1040 2408 1074 2472 οί
1089 2415 1140 2471 τῶν

140 2508 311 2597 Ῥωμαίων
338 2513 460 2578 ύπατοι
488 2514 689 2596 λοχήσαντες
717 2511 840 2590 αὐτοὺς
868 2512 905 2578 έν
932 2519 1022 2602 καλῷ
1051 2515 1139 2598 χωρίῳ

146 2620 389 2703 διαφθείρουσί
408 2642 444 2683 τε
468 2620 613 2703 συχνοὺς
635 2616 690 2683 καὶ
714 2620 761 2683 έτι
784 2622 920 2697 πλείους
942 2631 1010 2685 τῶν
1031 2621 1140 2704 ἀναιρε-

144 2723 278 2790 θέντων
302 2726 529 2812 αίχμαλώτους
547 2725 786 2809 λαμβάνουσιν.
823 2721 876 2809 έφ’
899 2716 1140 2814 ςδχαλεπαίνον-

98 2821 106 2834 χ
145 2855 198 2909 τες
227 2833 262 2897 ολ
286 2830 455 2916 Τυρρηνοὶ
484 2829 674 2916 διελέγοντο
701 2833 785 2918 πρὸς
812 2831 975 2916 ἀλλήλους
998 2833 1078 2898 κατὰ
1097 2848 1140 2896 σν-

105 2957 132 3000 εε
146 2940 309 3026 στροφάς,
343 2937 386 3004 δι’
410 2941 517 3016 αίτίας
542 2943 603 3004 τόν
630 2962 665 3004 τε
692 2937 830 3023 βασιλέα
857 2937 913 3004 καλ
939 2941 1018 3016 τοὺς
1040 2941 1141 3012 ἀλλους

144 3047 310 3133 ἡγεμόνας
333 3049 464 3132 ἔχοντες
488 3043 541 3111 ἐπὶ
564 3054 603 3131 τῇ
626 3049 723 3131 τριβῇ
742 3055 802 3112 τοῦ
820 3045 968 3131 πολέμου
985 3045 1040 3112 καὶ
1058 3045 1141 3112 ἀπαλ-

110 3154 324 3218 ἳλάττεσθαι
356 3161 544 3229 ποθοῦντες
577 3152 629 3218 έπὶ
656 3153 697 3217 τά
724 3155 838 3218 οίκεϊα.
885 3152 983 3232 δόξας
1010 3149 1069 3238 μὲν
1093 3146 1141 3216 οὖν

220 3347 235 3392 ό
256 3343 316 3397 δεῖν
339 3343 421 3412 ἡξίου
445 3361 468 3398 0.
487 3343 631 3414 Kiessh'ng
703 3351 718 3398 6
738 3342 771 3399 αἱ
787 3346 936 3415 διαλλαγαὶ
953 3340 1141 3416 γενήσονταιΒ

150 3404 183 3458 αλ
204 3409 273 3474 πρὸς
296 3414 398 3476 αύτούς
421 3415 570 3484 διαλλαγαὶ
593 3433 615 3470 ο.
640 3414 729 3470 Cobet
747 3416 812 3471 obs.
832 3437 858 3486 p,
874 3424 908 3474 99
1018 3411 1141 3489 λ<ἓῖ>Β

152 3475 321 3542 δμηθλνΒ
359 3483 447 3551 μηδὲν
466 3485 491 3536 R
