2394 3912
455 211 609 260 ,ς-

29 372 65 435 τδι
78 371 177 436 κοινά
191 370 367 456 τοιούτους
382 367 522 448 ἑαυτούς
534 370 690 456 παρέχειν
703 375 906 459 πρεσβευτάς
915 374 1045 441 εἵλοντο

30 474 103 540 δέκα
122 479 206 553 τοὺς
225 475 507 560 ἐπιφανεστάτους
520 486 588 542 τῶν
601 477 846 565 πρεσβυτέρων,
865 480 957 558 ἐκτὸς
972 479 1046 557 ἕνδς
1069 489 1072 496 ’

29 584 173 660 ἅπαντας
203 583 395 661 ὑπατικούς.
443 585 478 648 οί
506 582 536 648 δ’
565 584 819 670 ἀποδειχθέντες
846 582 932 670 ήσαν
960 588 1045 653 οἵδε·

26 684 204 775 Ἀγρίππας
237 693 411 774 Μενήνιος
442 692 548 756 Γαίου
584 691 659 766 υίὸς
690 692 875 776 Λαινάτης,
912 694 1046 770 Μάνιος

31 794 213 880 Οὐαλέριος
237 795 457 862 Οὐολούσσου
480 796 554 873 υίὸς
570 846 666 864 .....
684 800 833 876 Πόπλιος
847 802 1067 885 Σερουίλιοςε

9 906 182 969 ιεΠοπλίου
200 904 276 979 υίὸς
283 953 402 968 ......
416 906 567 980 Πόπλιος
581 906 794 989 Ποστούμιος
807 909 954 972 Κοίντου
973 908 1046 984 υίὸς

34 1011 233 1096 Τούβερτος,
274 1014 371 1086 Τίτος
404 1009 584 1093 Αἰβούτιος
623 1014 724 1077 Τίτου
760 1011 833 1090 υίδς
867 1015 1045 1096 Φλαούιος,

31 1114 169 1202 Σέρβιος
199 1118 382 1193 Σολπίκιος
411 1120 566 1182 Ποπλίου
595 1118 670 1194 υίὸς
696 1121 901 1203 Καμερῖνος,
933 1114 1046 1197 Αὖλος

31 1224 242 1308 Ποστούμιος
265 1225 421 1289 Ποπλίου
445 1223 518 1300 υίὸς
539 1223 686 1308 Βάλβος,
712 1220 826 1303 Αὖλος
849 1225 1047 1312 Οὐεργίνιος

32 1331 141 1396 Αύλου
173 1330 250 1407 υίὸς
276 1332 553 1415 Καιλιμοντανός.
599 1332 680 1414 μετά
705 1340 810 1397 ταῦτα
838 1339 895 1414 τῆς
922 1307 1081 1434 βουλήςὲ

35 1436 249 1520 διαλυθείσης
272 1437 308 1501 οί
327 1434 389 1520 μὲν
411 1436 532 1502 ύτατοι
554 1439 779 1522 προελθόντες
802 1439 848 1514 είς
867 1436 1045 1522 ἐκκλησίαν

32 1543 64 1606 τὸ
86 1544 197 1628 δόγμα
219 1551 277 1627 τῆς
300 1545 423 1626 βουλῆς
446 1542 640 1625 ἀνέγνωσαν
662 1541 719 1608 καὶ
741 1546 821 1620 τοὺς
843 1546 1045 1630 πρεσβευτάς

33 1651 237 1733 παρήγαγον·
275 1648 431 1715 ἁπάντων
458 1635 494 1713 δ’
522 1647 705 1726 ἀξιούντων
737 1651 796 1727 τὰς
825 1650 975 1734 ἐντολάς,
1007 1650 1045 1727 ἀς

35 1755 155 1822 έδυκαν
174 1756 302 1838 αὐτοῖς,
321 1761 456 1840 μαθεῖν,
476 1750 571 1820 εἶπον
590 1755 627 1821 έν
645 1758 690 1844 τῷ
710 1765 859 1846 φανερῷ,
877 1757 1045 1844 πράττειν,

36 1860 91 1948 ὅτῳ
115 1860 157 1927 ἀν
182 1864 296 1949 τρόπφ
319 1861 500 1944 δύνωνται,
525 1864 643 1946 φιλίαν
664 1870 710 1950 τῷ
735 1865 829 1953 δήμφ
854 1863 1044 1932 συνθέσθαι
1055 1891 1080 1931 15

34 1969 108 2052 πρὸς
124 1972 206 2046 τοὺς
225 1970 418 2052 πατρικίους
437 1970 514 2054 ἀτερ
534 1969 638 2034 δόλου
655 1967 710 2034 καὶ
731 1969 857 2056 ἀπάτης
874 1969 930 2038 καὶ
948 1995 1045 2038 κατα-

35 2085 140 2156 γαγεῖν
163 2078 246 2152 τοὺς
268 2075 456 2158 φεύγοντας
479 2071 532 2139 ἐπὶ
554 2076 594 2140 τδ
617 2075 761 2160 σφέτερα
785 2076 822 2142 έν
845 2071 944 2162 τάχει.

93 2181 191 2248 LXX.
222 2181 351 2259 Ταύτας
374 2182 410 2246 οί
429 2179 583 2266 πρέσβεις
601 2179 725 2266 (παρ’)
751 2182 862 2248 αὐτῶν
885 2185 1046 2266 λαβόντες

36 2287 85 2363 τὰς
119 2287 257 2366 ἐντολάς
293 2286 487 2374 αὐθημερὸν
520 2286 667 2373 ἐξῄεσαν.
717 2289 879 2372 φθάσασα
912 2286 949 2354 δὲ
983 2291 1045 2373 τήν

10 2398 215 2479 εειιαρουσίαν
244 2394 355 2460 αὐτῶν
382 2394 404 2477 ή
432 2396 525 2479 φήμη
550 2397 716 2478 διήγγειλε
738 2407 809 2473 τοῖς
832 2393 885 2461 ἐπὶ
908 2412 1081 2482 στρατο-εο

99 2557 116 2605 4
135 2554 244 2608 Γαυίου
258 2551 281 2605 Β
298 2555 302 2623 Ι
319 2550 380 2615 υίὸς
399 2550 607 2620 δΑαινάτηςΒ
623 2555 628 2621 1
644 2553 732 2608 verba
744 2551 887 2621 Λαινάτης
904 2570 990 2622 usque
1009 2553 1045 2607 ad

39 2618 90 2684 οίδς
106 2641 132 2678 v.
152 2633 168 2680 6
193 2641 247 2679 om.
267 2623 289 2676 O
313 2624 427 2693 praeter
450 2623 473 2674 B
496 2623 532 2678 cf.
556 2623 685 2678 Niebuhr
707 2623 781 2680 Hisi.
806 2626 877 2678 Rom
895 2623 921 2677 11
945 2642 971 2694 p.
993 2632 1043 2680 132

39 2695 88 2745 not.
103 2701 153 2750 247
228 2701 244 2750 5
266 2693 480 2750 ΟύελούσσινΒ
499 2693 639 2763 lacunam,
658 2695 689 2750 in
707 2711 764 2764 qun
781 2694 928 2749 intercidit
941 2712 1044 2764 cogno-

39 2779 95 2816 men
107 2764 216 2820 Valerii
230 2764 409 2827 Ποπλικόλας
427 2766 456 2818 ei
473 2781 576 2819 nomen
594 2765 683 2836 legati
701 2765 787 2832 tertii,
807 2765 927 2820 fortasse
946 2766 1044 2835 Lartii,

40 2832 204 2902 significavit
221 2835 379 2905 Kiessling;
399 2835 434 2891 of.
455 2835 636 2905 Sylburgium
654 2841 684 2891 ελ
702 2837 818 2892 Portum
882 2843 898 2891 6
917 2839 1044 2893 Ποπλίου

40 2901 92 2968 υίὸς
109 2909 284 2978 Ποστούμιος
302 2907 328 2961 Α
355 2908 518 2976 Σερουίλιος
531 2907 656 2971 Πόπλιος
669 2908 845 2978 Ποστούμιος
862 2908 885 2961 Β
905 2909 1044 2977 lacunam,

40 2973 66 3027 in
82 2993 135 3044 qua
153 2994 310 3050 cognomen
325 2977 438 3034 Servilii
452 2979 574 3047 Πρίσκος
589 2983 617 3034 et
630 2996 732 3034 nomen
744 2977 836 3049 legati
850 2978 943 3047 quinti
957 2979 1045 3033 inier-

42 3045 166 3120 cideruni,
194 3049 384 3119 Kiesslingius
413 3047 586 3118 significavit
608 3049 725 3106 Gelenio
754 3054 784 3104 ei
812 3049 897 3105 Porio
926 3050 1044 3105 ducibus

42 3121 263 3184 λΦλαύοοιοςΒ
322 3119 564 3190 8Καμερήνος.Β
624 3128 657 3176 10
676 3121 726 3176 καλ
744 3122 921 3192 νωμεντανδς
938 3121 964 3175 Α
999 3141 1046 3177 κε-

42 3193 201 3256 νομεντανδς
219 3193 266 3246 Ba
294 3191 343 3246 καὶ
361 3191 533 3261 νομεντανδς
551 3191 598 3244 Bb
626 3193 841 3263 καιλιμονπανδς
859 3192 961 3247 Portus
1013 3198 1045 3247 13

43 3259 192 3386 προήέαγον
207 3262 230 3317 O
268 3262 434 3334 παρήγαγον
449 3260 573 3316 Sintenis
587 3263 647 3320 Em.
662 3263 744 3318 Dion.
756 3265 796 3319 111
806 3270 840 3318 λθ
857 3266 861 3332 Ι
877 3263 1045 3336 διβίαξιούν-

42 3347 90 3384 ταν
134 3349 151 3387 ε
224 3339 257 3388 15
277 3335 415 3390 δύνανται
433 3333 456 3388 Β
472 3336 476 3404 Ι
494 3331 655 3390 συνθέσθαι
679 3335 734 3390 del.
754 3335 844 3391 Cobei
861 3335 926 3391 Obs.
945 3353 972 3404 p.
995 3341 1044 3390 127

44 3403 74 3524 1}
90 3403 148 3529 τιδιὸ
160 3404 239 3476 τάχει
262 3423 284 3461 ο,
309 3405 410 3461 Garrer
434 3407 499 3462 Obs.
518 3426 545 3478 p.
561 3413 595 3463 λλ
687 3413 720 3464 18
738 3405 808 3478 παρ’
831 3407 923 3462 αὐτῶν
941 3405 1045 3461 Reiske

44 3488 59 3521 α
75 3491 109 3526 τω
