2384 3902
451 232 617 284 —E-
977 230 1042 296 219

35 393 86 453 λεν
112 387 226 467 αὐτοῖς
250 393 454 474 γενησεσθαι
478 393 642 479 φανερόν
674 391 866 459 ἀποκτείναι
888 396 967 472 τοὺς
990 395 1043 460 δε·

33 496 149 573 σπότας
171 498 416 581 καθεύδοντας,
444 508 548 565 ταῦτα
572 496 653 585 <δδ>
676 498 962 586 διαπραξαμένους
984 501 1042 578 τάς

32 623 62 667 τε
86 603 192 680 οίκίας
216 604 398 690 διαρπάσαι
421 616 488 672 τῶν
512 606 664 693 εὐπόρων
686 604 743 673 καὶ
765 608 822 684 τας
843 608 950 685 πύλας
971 617 1043 685 τοῖς

30 708 202 795 τυράννοις
225 709 364 790 ἀνοῖξαι.

88 816 192 884 LIIII.
220 811 268 882 ‘H
290 812 322 882 δ’
348 818 386 884 ἐν
413 817 513 885 παντὶ
540 827 643 909 καιρῷ
672 821 824 900 σώζουσα
851 823 911 905 τὴν
938 823 1061 888 πόλινε

29 919 76 986 καὶ
106 921 204 1011 μέχρι
236 934 305 989 τῶν
337 919 409 990 κατ’
441 922 498 1010 ἐμὲ
529 928 661 1011 χρόνων
693 926 930 1012 παραμένουσα
960 929 1039 994 θεία

28 1031 164 1114 πρόνοια
193 1031 396 1111 διεκάλυψεν
423 1031 535 1098 αὐτῶν
561 1033 602 1098 τά
629 1034 839 1119 βουλεύματα
867 1033 1040 1118 μηνύσεως

28 1135 151 1225 θατέρφ
172 1148 241 1204 τῶν
260 1138 397 1206 ὑπάτων
414 1136 598 1223 γενομένης
612 1143 795 1227 Σολπικίφ,
817 1139 860 1224 ἣν
879 1139 1039 1224 ἐποίησαν

9 1242 161 1328 θάδελφοὶ
182 1245 245 1310 δύο
269 1246 462 1331 Ταρκύνιοι,
486 1247 636 1323 Πόπλιος
653 1244 709 1311 καὶ
724 1245 874 1330 Μάρκος,
899 1247 935 1312 ἐκ
949 1251 1040 1314 Λαυ-

28 1348 138 1432 ρέντου
166 1354 310 1434 πόλεως,
341 1353 602 1437 κορυφαιότατοι
629 1363 697 1418 τῶν
724 1356 955 1438 μετασχόντων
978 1363 1072 1438 τῦςιο

28 1460 243 1542 συνωμοσίας,
263 1457 329 1524 ὑπὸ
349 1461 446 1535 θείας
465 1458 610 1542 ἀνάγκης
628 1461 827 1544 βιαζόμενοι.
859 1459 1036 1544 ἐφίσταντο
1052 1468 1073 1532 2

27 1566 82 1649 γάρ
111 1565 244 1647 αὐτοῖς,
277 1565 332 1631 ὅτε
361 1571 571 1650 κοιμηθεῖεν,
605 1567 698 1644 όψεις
725 1565 867 1653 ὀνείρων
895 1565 1038 1653 φοβεραὶ

26 1674 177 1759 τιμωρίας
205 1670 444 1738 ἐπαπειλοῦσαι
467 1671 625 1756 μεγάλας,
654 1674 685 1737 εί
706 1673 749 1758 μὴ
773 1673 958 1740 παύσαιντο
981 1672 1037 1739 καὶ

27 1778 200 1845 ἀποσταῖεν
222 1785 281 1862 τῆς
304 1775 496 1862 ἐπιθέσεως,
521 1779 708 1844 διώκεσθαί
727 1803 762 1845 τε
781 1779 847 1846 ὑπὸ
866 1781 1037 1866 δαιμόνων

26 1895 119 1951 τινίον
142 1882 200 1951 καὶ
222 1888 384 1951 παίεσθαι
407 1882 462 1950 καὶ
485 1888 564 1962 τοὺς
582 1884 782 1971 ὀφθαλμοὺς
801 1886 1035 1972 ἐξορύττεσθαι
1045 1914 1072 1955 ιι

28 1990 75 2058 καὶ
97 1994 184 2058 άλλα
207 1991 315 2057 πολλὰ
337 1989 393 2057 καὶ
416 1989 549 2077 σχέτλια
571 1992 711 2077 πάσχειν
732 1997 948 2072 τελευτῶντες
967 1993 1039 2060 ἐδό-

25 2120 113 2165 κουν·
142 2095 204 2182 ὑφ’
223 2093 272 2163 ὧν
290 2101 470 2183 περίφοβοι
489 2096 543 2163 καὶ
562 2101 673 2186 τρόμφ
694 2102 897 2183 παλλόμενοι
915 2102 1039 2184 διηγεί-

26 2227 116 2287 ροντο
146 2201 203 2269 καί
233 2201 314 2270 οὐδὲ
336 2204 518 2278 καθεύδειν
542 2205 599 2270 διὰ
621 2207 661 2270 τὰ
684 2206 823 2290 δείματα
844 2202 936 2271 ταῦτ’
963 2207 1038 2272 ἐδύ-

24 2334 129 2378 ναντο.
176 2304 248 2377 κατ’
283 2310 386 2397 ἀρχάς
421 2307 484 2396 μὲν
521 2305 584 2376 οὗν
617 2310 852 2398 ἀποτροπαίοις
883 2311 951 2377 τισὶ
980 2311 1072 2386 καδ3

26 2415 262 2504 ἐξακεστηρίοις
297 2419 436 2495 θυσίαις
472 2418 651 2504 ἐπειρῶντο
688 2425 921 2505 παραιτεῖσθαι
956 2423 1072 2499 τοὺςεο

25 2522 255 2610 ἐνισταμένους
278 2527 375 2608 σφίσι
398 2525 572 2610 δαίμονας·
605 2525 650 2601 ὡς
674 2520 707 2590 δ’
729 2522 830 2592 οὐδὲν
849 2524 1035 2612 ἐπέραινον,

26 2627 71 2694 ἐπὶ
101 2634 260 2716 μαντείας
291 2631 472 2717 ἐτράποντο
487 2631 575 2716 χτὴν]
602 2629 664 2717 μὲν
692 2632 847 2698 διάνοιαν
882 2641 940 2718 τῆς
967 2634 1036 2700 ἐπι-

26 2741 196 2824 χειρήσεως
228 2738 421 2824 ἀπόρρητον
453 2739 692 2823 φυλάττοντες,
729 2748 828 2806 τοῦτο
862 2736 900 2806 δέ
930 2744 1037 2825 μόνον

27 2841 189 2923 ἀξιοῦντες
207 2851 342 2930 μαθεῖν,
357 2846 389 2909 εί
405 2846 519 2931 καιρὸς
537 2846 601 2930 ἤδη
620 2846 788 2931 πράττειν,
808 2845 828 2910 δ
847 2848 1035 2930 βούλονται.

10 2948 292 3038 ’ἀποκριναμένου
316 2949 353 3018 δὲ
376 2959 437 3017 τοῦ
459 2951 617 3036 μάντεως,
641 2952 692 3017 ὅτι
715 2953 868 3038 πονηράν
889 2951 944 3018 καὶ
962 2953 1070 3026 ὀλέ-ετ

91 3169 106 3217 2
126 3161 157 3226 δὲ
178 3163 244 3220 add.
264 3161 409 3231 Kiessling
465 3167 479 3216 ⁷
498 3160 634 3233 διέκοψεν
652 3161 700 3217 vel
718 3160 845 3218 διέλυσεν
860 3179 884 3217 ο.
898 3162 1038 3220 Bflcheler

28 3235 42 3284 8
61 3229 225 3303 ἐποιήσαντο
250 3251 274 3292 ο,
298 3233 443 3304 Kiessling
533 3239 565 3287 12
590 3230 674 3289 ὁπότε
698 3223 731 3288 cf
746 3232 834 3290 Cobet
853 3233 918 3290 Oba.
937 3253 964 3305 p.
985 3241 1037 3292 103

30 3360 60 3409 13
78 3353 275 3414 ἐναπειλοῦσαι
293 3358 370 3412 ABb
399 3358 459 3429 ofslv
478 3305 519 3412 όίπ
538 3362 662 3415 ειλοῦσαι
680 3360 727 3415 Ba
755 3355 957 3416 ἐπαπειλοῦσαι
976 3359 1037 3430 syl-

29 3425 93 3498 burg
175 3437 208 3486 16
232 3429 281 3484 καλ
305 3431 372 3484 ante
392 3428 502 3499 σχέτλια
521 3430 584 3485 add.
603 3431 627 3484 B
709 3439 742 3486 17
762 3429 895 3504 τρο<μω>
913 3448 948 3486 ex
966 3449 1036 3488 corr.

29 3495 50 3547 Β
65 3506 68 3568 Ι
83 3498 247 3571 βαλλόμενοι
266 3500 288 3553 Β
