2400 3912
458 235 622 288 -Ε-
985 235 1048 302 159

37 405 112 482 μοῦ,
143 395 188 480 ἥν
215 412 321 481 φασιν
350 398 386 464 έκ
412 405 474 462 τού
501 405 614 481 σωροῦ
641 405 704 481 τῆς,
720 397 868 483 καλάμης
891 402 1049 483 σαπείσης

37 502 87 568 καί
113 505 161 569 ἔτι
188 501 245 570 καί
272 513 335 569 τοῦ
361 512 513 589 ποταμοῦ
539 507 840 590 προσλιπαίνοντος
864 505 948 590 αὐτῇ
972 508 1048 572 ίλδν

8 609 199 692 τογενέσθαι.
235 608 292 676 καὶ
314 621 384 688 τοῖς
407 612 488 696 μετὰ
510 618 571 676 τοῦ
588 609 758 695 τυράννου
775 614 958 695 πεφευγόσι
972 606 1047 677 Ῥοι-

36 719 143 800 μαίων
158 717 314 782 κάθοδον
337 718 385 794 είς
408 717 471 800 τὴν
493 719 592 782 πόλιν
615 710 667 782 ἐπ’
689 716 785 804 ἀδείᾳ
807 715 921 783 τεκαὶ
944 717 1047 803 ἀμνη-

37 826 103 910 στίμ
133 825 261 900 παντὸς
293 823 526 909 ἁμαρτήματος
558 825 688 888 έδοικαν
719 826 843 909 χρόνον
875 823 1072 910 δρίσαντεςο

36 929 160 1016 ἡμερῶν
195 935 337 995 είκοσιν·
378 932 410 995 ελ
440 926 479 996 δὲ
510 930 555 1014 μη
586 928 784 996 κατέλθοιεν
813 929 850 996 έν
876 931 979 1016 ταύτῃ
1006 939 1046 1016 τῇ

36 1040 230 1125 προθεσμία,
253 1040 414 1121 τιμωρίας
437 1036 551 1114 αὐτοῖς
569 1037 696 1122 ὥρισαν
716 1037 845 1113 ἀιδίους
864 1039 974 1122 φυγὰς
991 1035 1046 1102 καὶ
1114 1035 1132 1054 ”

35 1143 202 1228 κτημάτων
221 1138 271 1208 ὧν
290 1141 463 1226 ἐκέκτηντο
484 1144 669 1227 δημεύσεις.
705 1153 808 1209 ταῦτα
825 1154 893 1209 τῶν
906 1143 1081 1230 ἀνδρῶνὸ

35 1252 69 1314 τά
88 1250 316 1334 πολιτεύματα
337 1252 417 1326 τοὺς
440 1248 501 1335 μέν
524 1250 778 1328 ἀπολαύσαντας
800 1250 835 1317 ἐκ
853 1259 912 1334 τῆς
930 1250 1047 1328 οὐσίας

35 1367 93 1422 τῶν
120 1357 304 1442 τυράννων
337 1355 417 1422 ὅτου
450 1358 492 1440 δη
519 1379 611 1435 τινος
637 1354 721 1444 ὑπὲρ
747 1365 808 1424 τοῦ
836 1358 880 1442 μὴ
908 1356 1045 1441 ἀφαιρε-
1060 1375 1085 1416 10

35 1469 130 1548 θῆναι
147 1465 254 1530 πάλιν
273 1462 312 1540 ἃς
330 1466 430 1548 έσχον
449 1461 611 1548 ἀφελείας
629 1464 758 1530 ἅπαντα
776 1465 939 1530 κίνδυνον
957 1461 1046 1528 έποί-

35 1587 105 1652 ησεν
130 1569 331 1656 ὑπομένειν·
367 1573 447 1647 τούς
470 1566 508 1636 δὲ
529 1571 612 1635 κατὰ
635 1567 711 1646 δέος
733 1564 782 1635 ὧν
804 1573 1046 1654 παρηνόμησαν

38 1674 81 1740 ἐπὶ
108 1686 167 1761 τῆς
202 1663 412 1762 τυραννίδος
437 1675 480 1761 μη
512 1678 611 1760 δίκην
638 1676 883 1760 ἀναγκασθεῖεν
910 1674 1045 1762 ὑπέχειν

36 1793 133 1868 φυγῆς
156 1783 293 1861 ἑαυτοῖς
310 1782 564 1868 τιμησαμένους,
589 1781 836 1866 ἀπαλλαγέντας
853 1792 915 1850 τοῦ
933 1785 1045 1867 φόβου

35 1889 138 1972 μηκέτι
155 1891 201 1956 τὰ
219 1901 288 1955 τῶν
305 1890 494 1975 τυράννοιν,
518 1889 602 1954 ἀλλὰ
620 1891 660 1954 τά
677 1897 735 1973 της
753 1892 880 1967 πόλεως
894 1899 1044 1976 φρονεῖν.
1059 1901 1085 1943 1⁵

10 2009 33 2057 11
90 1995 200 2062 XIIII.
233 1995 508 2083 Λιαπραξάμενοι
537 1993 574 2062 δέ
600 2005 702 2062 ταῦτα
729 1994 786 2061 καὶ
812 1998 853 2062 τά
879 1998 963 2080 πρὸς
985 1997 1045 2061 τόν

34 2107 172 2190 πόλεμον
206 2104 481 2190 εὐτρεπισάμενοι
509 2101 592 2180 τέως
618 2099 679 2188 μὲν
705 2103 771 2168 ὑπὸ
798 2111 838 2188 τῇ
866 2106 961 2169 πόλει
987 2104 1046 2180 τὰς

36 2211 187 2295 δυνάμεις
211 2223 370 2295 συνείγον
393 2210 430 2277 έν
451 2222 523 2288 τοίς
540 2211 668 2288 πεδίοις
685 2210 750 2274 ὑπὸ
770 2197 919 2295 σημείοις
937 2232 972 2274 τε
990 2205 1045 2274 καί

34 2316 163 2402 ἡγεμόσι
181 2315 384 2403 τεταγμένας
402 2315 458 2382 καὶ
476 2318 517 2382 τὰ
534 2318 618 2402 πρὸς
635 2317 694 2382 τὸν
712 2319 860 2400 πόλεμον
878 2315 1045 2393 ἀσκούσας

34 2427 281 2508 πυνθανόμενοι
308 2426 388 2501 τοὺς
410 2423 565 2508 φυγάδας
588 2422 621 2501 ἐξ
645 2423 782 2488 ἀπασῶν
804 2431 872 2488 τῶν
895 2420 933 2488 έν
960 2426 1044 2508 Τυρ
1058 2433 1091 2476 ²⁰-

35 2533 124 2617 ρηνίηι
147 2533 281 2596 πόλεων
305 2530 452 2616 ἀγείρειν
473 2527 527 2596 ἐπὶ
545 2538 633 2613 σφᾶς
650 2531 803 2615 στρατόν,
827 2527 963 2594 καὶδύο
983 2525 1045 2612 μὲν

34 2639 138 2715 πόλεις
162 2635 199 2702 έιι
217 2646 279 2702 τοῦ
297 2645 449 2722 φανεροῦ
468 2635 714 2721 συλλαμβάνειν
733 2628 848 2712 αύτοίς
865 2644 922 2720 της
939 2637 1044 2700 καδό-

36 2743 99 2827 δον,
126 2746 358 2829 Ταρκυνιήτας
380 2765 415 2808 τε
437 2740 493 2808 καί
517 2742 757 2825 Οὐιεντανούς,
781 2740 963 2829 ἀξιοχρέοις
987 2745 1045 2808 δυ-

35 2849 166 2933 νάμεσιν
189 2849 392 2936 ἀμφοτέρας,
416 2849 452 2916 ἐκ
472 2845 509 2915 δὲ
526 2860 594 2914 τῶν
612 2851 723 2914 ἀλλων
741 2848 922 2927 ἐθελοντάς
940 2872 1045 2934 τινας,

37 2954 87 3032 οὓς
109 2954 172 3042 μὲν
195 2957 262 3024 ὑπὸ
285 2960 397 3042 φίλων
419 2956 766 3043 παρασκευασθέντας,
791 2955 851 3033 οὓς
869 2952 907 3022 δὲ
925 2962 1045 3042 μισθο-
1058 2968 1084 3010 ²⁵

98 3148 286 3206 2naII'uO
324 3148 922 3221 καίιτο.01ιεν,ιώουιιε1αότη”γίλιινΑΒ
954 3148 1043 3218 αὐτὴν

36 3218 133 3288 τηίλάι
154 3239 177 3276 ο.
195 3219 341 3292 Kiessfing
400 3221 598 3311 λάμνηιτίαν
617 3217 690 3277 Bbc
747 3228 762 3277 ‘1
782 3220 831 3276 καί
848 3219 954 3284 τολιςΒ
1010 3227 1043 3276 10

37 3291 89 3358 ἀφα
73 3296 216 3362 αιρεῖσδαι
235 3292 258 3345 Β
305 3299 347 3418 gn
366 3290 498 3348 πάνταΟ
518 3309 587 3348 corr
602 3291 767 3363 Κίοεελὶιιςι
785 3288 865 3362 έποίη
868 3290 953 3346 οενΟ
972 3307 1042 3347 corr.

37 3359 171 3445 Kiessl‘mg
253 3359 609 3434 13έπλὸγ1οιιιςύπδο
647 3366 694 3419 δίκ
676 3384 730 3434 κην
728 3298 813 3420 ga'dd.
832 3311 882 3418 Bo
917 3361 982 3432 τιμὴ

38 3441 120 3561 φυγῆς
138 3433 262 3560 {meinis
280 3433 342 3488 Em.
361 3433 443 3490 Dion.
462 3435 489 3487 II
508 3440 541 3489 18
559 3435 626 3489 Reis
651 3435 809 3490 οουοτοτε
891 3439 926 3489 25
945 3382 993 3496 οὓς
1012 3363 1044 3488 δέ

54 3522 112 3558 αο
166 3523 243 3561 ειεο
