2394 3912
151 211 216 278 386
577 213 740 265 -Ε-

149 372 301 459 ἐπέσχον,
315 371 370 440 καλ
386 375 462 458 σιγή
476 375 620 457 τοσαύτη
635 372 793 455 κατέλαβε
805 373 869 456 τήν
884 371 1069 460 ἐκκλησίαν,
1079 371 1146 434 ὥστε

150 477 261 564 μηθὲν
284 479 455 559 διαλλάξαι
478 482 539 546 τὸν
561 483 666 546 τόπον
684 480 829 566 ἐρημίας.
866 479 884 545 ὁ
905 475 942 544 δέ
960 479 1001 543 τά
1019 501 1053 542 τε
1069 479 1146 558 άλλα,

150 587 195 664 ὡς
218 579 291 652 οἷόν
314 610 348 652 τε
371 583 429 670 ήν,
456 587 703 663 πιθανωτάτοις
726 584 819 664 ἔδοξε
841 588 1033 670 χρήσασθαι
1054 587 1147 666 λόγοις

150 691 205 758 καλ
239 694 303 760 ’τοῦ
335 697 545 778 βουλήματος
576 703 644 757 τῶν
675 692 870 758 ἀκουόντων
902 689 1147 775 ἐστοχασμένοις,

52 797 54 802 ⁴
124 804 314 866 ὅτιλευτῶν
333 797 370 866 δὲ
387 809 446 884 τῆς
465 802 670 883 δημηγορίας
688 797 817 882 λέγεται
836 800 950 882 μῦθόν
967 821 1045 862 τινα
1061 799 1147 861 εἰπεῖν

150 907 197 983 είς
215 907 276 972 τὸν
289 908 481 972 Αἰσώπειον
495 909 623 992 τρόπον
637 907 832 990 συμπλάσας
844 905 974 988 πολλήν
990 904 1156 987 δμοιότηται
1173 924 1182 953 ι

150 1013 234 1096 πρὸς
256 1014 295 1077 τά
318 1015 493 1098 πράγματα
516 1011 732 1097 ἐχουτα,’καλ
754 1012 862 1099 τούτῳ
887 1007 1018 1094 μάλιστ’
1046 1010 1146 1086 αύτούς

150 1117 251 1183 ἑλεῖν·
281 1119 364 1184 ὅθεν
387 1117 442 1184 καλ
464 1119 594 1203 μνήμης
617 1117 766 1195 ἀξιοῦται
789 1117 807 1183 ὁ
832 1120 934 1202 λόγος
955 1114 1013 1182 καλ
1032 1115 1146 1202 φέρεται

150 1222 188 1288 ἐν
207 1223 349 1302 ἁπάσαις
366 1235 439 1302 ταῖς
456 1224 607 1311 ἀρχαίαις
627 1225 796 1310 ίστορίαις.
827 1220 870 1308 ἦν
889 1220 927 1289 δέ
945 1225 987 1288 τά
1006 1221 1146 1307 λεχθέντα

111 1310 206 1423 Ξύιί
229 1329 333 1395 αὐτοῦ
360 1331 481 1396 τοιάδε.
521 1325 635 1415 Ἡμεῖς
663 1330 891 1414 ἀπεστάλημεν
918 1330 985 1394 ὑπὸ
1008 1338 1065 1413 τής
1084 1333 1146 1412 βου-

150 1439 218 1519 λής,
242 1430 269 1501 ώ
294 1437 444 1518 δημόται,
468 1437 551 1521 πρὸς
577 1437 658 1521 ὑμᾶς
680 1437 756 1502 οὔτε
775 1437 1065 1520 ἀπολογησόμενοι
1080 1430 1145 1516 ὑπὲρ

149 1540 277 1625 ἐκείνης
313 1542 398 1608 οὔτε
421 1543 517 1628 ὑμῶν
547 1546 844 1628 κατηγορήσοντες
888 1543 929 1608 οὐ
960 1544 1026 1626 γάρ
1058 1541 1146 1607 ἐδόκει

148 1655 251 1712 ταῦτα
274 1649 393 1733 καιρὸν
416 1651 504 1733 ἔχειν
523 1642 597 1713 οὐδ’
614 1644 700 1714 εἶναι
718 1659 790 1727 ταῖς
806 1650 1025 1733 κατεχούσαις
1042 1649 1077 1712 τὸ
1094 1669 1146 1710 κοι·

149 1755 210 1818 νὸν
237 1754 352 1838 τύχαις
377 1757 569 1840 πρόσφορα·
602 1754 685 1820 ἀλλὰ
713 1757 928 1832 διαλύσοντες
950 1755 1061 1840 ἁπάσῃ
1083 1777 1145 1836 προ-

110 1879 136 1918 15
150 1861 258 1944 θυμία
287 1860 342 1925 καλ
369 1871 499 1946 μηχανή
527 1862 590 1945 τήν
617 1861 735 1927 στάσιν
757 1860 812 1927 καλ
834 1865 1093 1945 καταστήσοντες
1112 1862 1146 1935 εἰς

149 1965 210 2029 τὸν
233 1965 266 2044 ἐξ
290 1966 391 2052 ἀρχῆς
408 1970 536 2052 κόσμον
554 1968 615 2051 τήν
633 1971 813 2051 πολιτείαν,
838 1971 968 2051 ἔχοντες
987 1965 1028 2033 δὲ
1045 1968 1146 2032 τούτου

147 2071 210 2154 τήν
243 2071 398 2150 ἐξουσίαν
431 2073 668 2160 αὐτοκράτορα.
715 2075 798 2139 ὥστε
825 2072 900 2158 περλ
930 2070 992 2157 μὲν
1022 2084 1086 2139 τών
1109 2073 1145 2135 δι-

147 2180 253 2244 καίων
278 2175 379 2245 οὐδὲν
402 2179 443 2244 άν
468 2182 609 2265 οἰόμεθα
632 2182 720 2263 δεῖν,
744 2181 825 2264 ὅπερ
845 2177 987 2256 Ἰούνιος
1010 2167 1145 2262 ἐποίησεν

149 2285 275 2368 οὑτοσί,
295 2288 341 2364 είς
360 2289 488 2373 μακρὸν
508 2287 705 2371 ἐκμηκύνειν
723 2289 861 2371 χρόνον·
885 2283 939 2369 ἐφ’
962 2278 1014 2362 οἷς
1033 2283 1069 2350 δὲ
1086 2289 1175 2369 φιλ-ιώ

107 2409 134 2448 2⁰
149 2392 343 2475 ανθρώποις
362 2395 518 2459 διαλῦσαι
539 2394 602 2477 τήν
621 2393 737 2459 στάσιν
752 2395 893 2477 οἰόμεθα
908 2393 991 2476 δεῖν,
1011 2391 1066 2458 καλ
1077 2389 1144 2471 τίςή

147 2497 379 2580 βεβαιώσουσα
392 2501 450 2575 τάς
464 2499 643 2583 ὁμολογίας
656 2499 750 2582 ήμῶν
764 2501 854 2564 ἐσται
868 2501 987 2580 πίστις,
1002 2497 1077 2584 περὶ
1084 2498 1144 2562 τού-

110 2606 226 2688 4τοιν,
242 2603 262 2668 ἃ
278 2605 514 2690 διεγνώκαμεν,
530 2604 672 2691 ἐροῦμεν
686 2607 768 2690 πρὸς
781 2606 875 2690 ὑμᾶς.
900 2605 980 2690 ήμῖν
995 2606 1143 2688 ἐνθυμου-

147 2709 271 2795 μένοις,
291 2711 342 2776 ότι
360 2719 449 2776 πᾶσα
467 2713 689 2796 θεραπεύεται
708 2711 822 2787 στάσις
836 2709 868 2789 ἐξ
883 2709 1014 2795 ἁπάσης
1025 2714 1143 2784 πόλεως,

147 2817 228 2882 ὅταν
247 2815 466 2899 ἐξαιρεθῶσιν
484 2818 521 2882 αλ
535 2825 764 2903 παρασχοῦσαι
782 2818 845 2901 τήν
865 2819 1034 2903 διαφορὰν
1048 2819 1142 2894 αἰτίαι,

218 3049 234 3097 2
253 3044 360 3111 μηθενὶ
379 3043 454 3098 ABb
490 3043 610 3114 μηθευελ
628 3045 675 3098 Ba
694 3062 762 3100 corr.
778 3046 879 3099 Portus
895 3050 900 3112 Ι
915 3043 1022 3100 τόπον
1039 3044 1084 3097 Bb
1129 3045 1141 3091 4

146 3113 334 3186 βουλεύματος
353 3115 375 3168 0
413 3115 586 3186 βουλήματος
605 3116 726 3185 Sylburg
802 3123 819 3171 8
837 3116 954 3184 ἠξίωται
973 3134 995 3171 ο.
1015 3113 1141 3179 Kiessling

147 3191 180 3237 10
198 3185 253 3237 ὑπὸ
272 3192 322 3237 τοῦ
340 3184 450 3238 ύπάτου
470 3186 491 3238 Ο
511 3202 580 3248 τοτε.
596 3186 717 3258 Sylburg
772 3193 804 3242 18
824 3185 909 3242 οὐδὲν
924 3185 1081 3258 ἀνοιόμεθα
1093 3187 1141 3238 δεῖν

146 3283 180 3293 -
195 3249 359 3322 ἐκμηκύνειν
379 3258 407 3335 Ο.
433 3251 601 3336 ἐκμηκύνειν
620 3257 742 3326 Sylburg
769 3256 853 3313 οῦδὲν
873 3257 1001 3350 δεόμεθα
1018 3255 1103 3327 λέγειν
1116 3284 1140 3294 -

146 3317 312 3389 ἐκμηκύνειν
331 3340 353 3376 ο.
372 3325 578 3395 KlesslmgPr.
598 3327 662 3382 Bas,
682 3347 708 3398 p.
730 3336 763 3384 19
842 3336 874 3384 19
894 3349 975 3393 ουτος
994 3327 1072 3392 είςΟ
1105 3325 1142 3378 οδ

146 3389 207 3441 τοσλ
230 3389 269 3451 είς
292 3390 380 3446 Cobet
403 3394 468 3448 obs.
487 3413 515 3464 p.
536 3403 587 3452 130
630 3399 723 3454 ούτοσλ
746 3399 855 3470 μακρὸν
880 3396 1047 3471 ἐκμηκύνειν
1073 3395 1142 3466 λόγον

146 3457 291 3510 Μειώιῃεε
308 3479 335 3528 p.
351 3469 402 3516 269
