<?xml version="1.0" encoding="UTF-8"?>
<!DOCTYPE html PUBLIC "-//W3C//DTD XHTML 1.0 Transitional//EN"
    "http://www.w3.org/TR/xhtml1/DTD/xhtml1-transitional.dtd">
<html xmlns="http://www.w3.org/1999/xhtml" xml:lang="en" lang="en">
 <head>
  <title>
</title>
<meta http-equiv="Content-Type" content="text/html;charset=utf-8" />
  <meta name='ocr-system' content='tesseract 3.04.00' />
  <meta name='ocr-capabilities' content='ocr_page ocr_carea ocr_par ocr_line ocrx_word'/>
</head>
<body>
  <div class='ocr_page' id='page_1' title='image "./antiquitatumrom01jacogoog_0364.png"; bbox 0 0 2394 3912; ppageno 0'>
   <div class='ocr_carea' id='block_1_1' title="bbox 460 183 1129 281">
    <p class='ocr_par' dir='ltr' id='par_1_1' title="bbox 460 183 1129 281">
     <span class='ocr_line' id='line_1_1' title="bbox 460 183 1129 281; baseline 0.003 -2"><span class='ocrx_word' id='word_1_1' title='bbox 460 218 620 270; x_wconf 73' lang='grc' dir='ltr'><em>-ε-</em></span> <span class='ocrx_word' id='word_1_2' title='bbox 771 183 776 192; x_wconf 78' lang='grc'><strong>’</strong></span> <span class='ocrx_word' id='word_1_3' title='bbox 983 217 1129 281; x_wconf 80' lang='grc' dir='ltr'><em>εεε.</em></span> 
     </span>
    </p>
   </div>
   <div class='ocr_carea' id='block_1_2' title="bbox 10 377 1097 2804">
    <p class='ocr_par' dir='ltr' id='par_1_2' title="bbox 10 377 1097 2804">
     <span class='ocr_line' id='line_1_2' title="bbox 46 377 1050 466; baseline 0 -22"><span class='ocrx_word' id='word_1_4' title='bbox 46 381 173 445; x_wconf 75' lang='grc' dir='ltr'><em>οἰκεῖται</em></span> <span class='ocrx_word' id='word_1_5' title='bbox 196 377 363 463; x_wconf 77' lang='grc' dir='ltr'><strong><em>ἀσφαλῶς,</em></strong></span> <span class='ocrx_word' id='word_1_6' title='bbox 388 379 481 466; x_wconf 79' lang='grc' dir='ltr'><em>δήμῳ</em></span> <span class='ocrx_word' id='word_1_7' title='bbox 500 400 535 446; x_wconf 88' lang='grc' dir='ltr'><em>τε</em></span> <span class='ocrx_word' id='word_1_8' title='bbox 554 379 598 463; x_wconf 84' lang='grc' dir='ltr'><em>μὴ</em></span> <span class='ocrx_word' id='word_1_9' title='bbox 618 383 716 444; x_wconf 86' lang='grc' dir='ltr'><em>είκειν</em></span> <span class='ocrx_word' id='word_1_10' title='bbox 733 379 905 463; x_wconf 78' lang='grc' dir='ltr'><em>ἀγνώμονι</em></span> <span class='ocrx_word' id='word_1_11' title='bbox 923 379 1050 444; x_wconf 90' lang='grc' dir='ltr'><em>ἀδίκων</em></span> 
     </span>
     <span class='ocr_line' id='line_1_3' title="bbox 46 481 1086 570; baseline -0.001 -20"><span class='ocrx_word' id='word_1_12' title='bbox 46 489 145 570; x_wconf 86' lang='grc' dir='ltr'><em>ἰργων</em></span> <span class='ocrx_word' id='word_1_13' title='bbox 163 483 219 551; x_wconf 83' lang='grc' dir='ltr'><em>καί</em></span> <span class='ocrx_word' id='word_1_14' title='bbox 238 485 407 569; x_wconf 74' lang='grc' dir='ltr'><em>ἀθεμίτων</em></span> <span class='ocrx_word' id='word_1_15' title='bbox 426 481 595 570; x_wconf 79' lang='grc' dir='ltr'><em>χρῄζοντι·</em></span> <span class='ocrx_word' id='word_1_16' title='bbox 627 482 683 552; x_wconf 80' lang='grc' dir='ltr'><em>καὶ</em></span> <span class='ocrx_word' id='word_1_17' title='bbox 702 485 764 570; x_wconf 84' lang='grc' dir='ltr'><em>οὐχ</em></span> <span class='ocrx_word' id='word_1_18' title='bbox 783 485 871 564; x_wconf 88' lang='grc' dir='ltr'><em>ὅπως</em></span> <span class='ocrx_word' id='word_1_19' title='bbox 886 485 1086 551; x_wconf 56' lang='lat' dir='ltr'><em>&amp;nonam-2</em></span> 
     </span>
     <span class='ocr_line' id='line_1_4' title="bbox 45 592 1049 680; baseline -0.001 -22"><span class='ocrx_word' id='word_1_20' title='bbox 45 595 194 676; x_wconf 87' lang='grc' dir='ltr'><em>κλίνομαί</em></span> <span class='ocrx_word' id='word_1_21' title='bbox 214 614 247 658; x_wconf 91' lang='grc' dir='ltr'><em>τι</em></span> <span class='ocrx_word' id='word_1_22' title='bbox 268 599 327 674; x_wconf 84' lang='grc' dir='ltr'><em>τής</em></span> <span class='ocrx_word' id='word_1_23' title='bbox 349 592 483 676; x_wconf 86' lang='grc' dir='ltr'><em>γνώμης</em></span> <span class='ocrx_word' id='word_1_24' title='bbox 506 594 603 680; x_wconf 79' lang='grc' dir='ltr'><em>φόβῳ</em></span> <span class='ocrx_word' id='word_1_25' title='bbox 625 592 735 676; x_wconf 78' lang='grc' dir='ltr'><em>&lt;τών&gt;</em></span> <span class='ocrx_word' id='word_1_26' title='bbox 752 593 937 676; x_wconf 77' lang='grc' dir='ltr'><em>διαφόρων,</em></span> <span class='ocrx_word' id='word_1_27' title='bbox 961 595 997 658; x_wconf 79' lang='grc' dir='ltr'><em>οῖ</em></span> <span class='ocrx_word' id='word_1_28' title='bbox 1011 593 1049 657; x_wconf 86' lang='grc' dir='ltr'><em>τὸ</em></span> 
     </span>
     <span class='ocr_line' id='line_1_5' title="bbox 45 695 1051 783; baseline 0.002 -21"><span class='ocrx_word' id='word_1_29' title='bbox 45 697 79 762; x_wconf 79' lang='grc' dir='ltr'><em>ἐν</em></span> <span class='ocrx_word' id='word_1_30' title='bbox 99 707 137 783; x_wconf 80' lang='grc' dir='ltr'><em>τή</em></span> <span class='ocrx_word' id='word_1_31' title='bbox 159 701 254 766; x_wconf 85' lang='grc' dir='ltr'><em>πόλει</em></span> <span class='ocrx_word' id='word_1_32' title='bbox 277 699 458 782; x_wconf 87' lang='grc' dir='ltr'><em>δημοτικὸν</em></span> <span class='ocrx_word' id='word_1_33' title='bbox 481 697 530 764; x_wconf 79' lang='grc' dir='ltr'><em>ἐπ’</em></span> <span class='ocrx_word' id='word_1_34' title='bbox 554 695 627 783; x_wconf 85' lang='grc' dir='ltr'><em>ίμολ</em></span> <span class='ocrx_word' id='word_1_35' title='bbox 650 699 865 776; x_wconf 88' lang='grc' dir='ltr'><em>συνιστάντες</em></span> <span class='ocrx_word' id='word_1_36' title='bbox 884 700 1051 765; x_wconf 87' lang='grc' dir='ltr'><em>δεδίττον-</em></span> 
     </span>
     <span class='ocr_line' id='line_1_6' title="bbox 45 803 1074 891; baseline 0 -22"><span class='ocrx_word' id='word_1_37' title='bbox 45 808 97 869; x_wconf 90' lang='grc' dir='ltr'><em>ταί</em></span> <span class='ocrx_word' id='word_1_38' title='bbox 118 829 172 889; x_wconf 87' lang='grc' dir='ltr'><em>με,</em></span> <span class='ocrx_word' id='word_1_39' title='bbox 205 803 290 874; x_wconf 83' lang='grc' dir='ltr'><em>ἀλλά</em></span> <span class='ocrx_word' id='word_1_40' title='bbox 316 808 403 870; x_wconf 78' lang='grc' dir='ltr'><em>πολὺ</em></span> <span class='ocrx_word' id='word_1_41' title='bbox 431 811 558 890; x_wconf 83' lang='grc' dir='ltr'><em>μᾶλλον</em></span> <span class='ocrx_word' id='word_1_42' title='bbox 584 805 605 889; x_wconf 79' lang='grc' dir='ltr'><em>ἢ</em></span> <span class='ocrx_word' id='word_1_43' title='bbox 633 809 797 891; x_wconf 87' lang='grc' dir='ltr'><em>πρότερον</em></span> <span class='ocrx_word' id='word_1_44' title='bbox 820 809 967 890; x_wconf 78' lang='grc' dir='ltr'><em>ἔρρωμαι</em></span> <span class='ocrx_word' id='word_1_45' title='bbox 989 805 1074 888; x_wconf 84' lang='grc' dir='ltr'><em>τήνι</em></span> 
     </span>
     <span class='ocr_line' id='line_1_7' title="bbox 46 909 1052 998; baseline 0.003 -23"><span class='ocrx_word' id='word_1_46' title='bbox 46 910 143 995; x_wconf 84' lang='grc' dir='ltr'><em>ὀργήν</em></span> <span class='ocrx_word' id='word_1_47' title='bbox 169 909 225 976; x_wconf 87' lang='grc' dir='ltr'><em>καὶ</em></span> <span class='ocrx_word' id='word_1_48' title='bbox 253 910 426 994; x_wconf 80' lang='grc' dir='ltr'><em>ἀγανακτῶ</em></span> <span class='ocrx_word' id='word_1_49' title='bbox 453 923 523 988; x_wconf 83' lang='grc' dir='ltr'><em>τοῖς</em></span> <span class='ocrx_word' id='word_1_50' title='bbox 541 913 697 998; x_wconf 82' lang='grc' dir='ltr'><em>αἰτήμασι</em></span> <span class='ocrx_word' id='word_1_51' title='bbox 719 921 780 978; x_wconf 86' lang='grc' dir='ltr'><em>τοῦ</em></span> <span class='ocrx_word' id='word_1_52' title='bbox 803 913 912 998; x_wconf 88' lang='grc' dir='ltr'><em>δήμου</em></span> <span class='ocrx_word' id='word_1_53' title='bbox 936 914 1052 978; x_wconf 87' lang='grc' dir='ltr'><em>διπλα-</em></span> 
     </span>
     <span class='ocr_line' id='line_1_8' title="bbox 46 1013 1053 1104; baseline 0.003 -23"><span class='ocrx_word' id='word_1_54' title='bbox 46 1021 132 1094; x_wconf 90' lang='grc' dir='ltr'><em>σίως·</em></span> <span class='ocrx_word' id='word_1_55' title='bbox 163 1017 259 1102; x_wconf 80' lang='grc' dir='ltr'><em>ὑμῶν</em></span> <span class='ocrx_word' id='word_1_56' title='bbox 285 1014 314 1081; x_wconf 89' lang='grc' dir='ltr'><em>τ’</em></span> <span class='ocrx_word' id='word_1_57' title='bbox 342 1013 368 1082; x_wconf 81' lang='grc' dir='ltr'><strong><em>ὦ</em></strong></span> <span class='ocrx_word' id='word_1_58' title='bbox 397 1021 519 1103; x_wconf 81' lang='grc' dir='ltr'><em>βουλή,</em></span> <span class='ocrx_word' id='word_1_59' title='bbox 551 1020 589 1083; x_wconf 88' lang='grc' dir='ltr'><em>τὸ</em></span> <span class='ocrx_word' id='word_1_60' title='bbox 616 1019 809 1103; x_wconf 90' lang='grc' dir='ltr'><em>παράλογον</em></span> <span class='ocrx_word' id='word_1_61' title='bbox 835 1028 893 1102; x_wconf 85' lang='grc' dir='ltr'><em>τής</em></span> <span class='ocrx_word' id='word_1_62' title='bbox 918 1019 1053 1104; x_wconf 82' lang='grc' dir='ltr'><em>γνώμης</em></span> 
     </span>
     <span class='ocr_line' id='line_1_9' title="bbox 45 1122 1052 1212; baseline 0.004 -24"><span class='ocrx_word' id='word_1_63' title='bbox 45 1125 242 1208; x_wconf 92' lang='grc' dir='ltr'><em>τεθαύμακα,</em></span> <span class='ocrx_word' id='word_1_64' title='bbox 267 1124 317 1188; x_wconf 86' lang='grc' dir='ltr'><em>ὅτι</em></span> <span class='ocrx_word' id='word_1_65' title='bbox 341 1123 403 1189; x_wconf 86' lang='grc' dir='ltr'><em>οὐκ</em></span> <span class='ocrx_word' id='word_1_66' title='bbox 427 1122 660 1209; x_wconf 79' lang='grc' dir='ltr'><em>ἐπιτρίψαντες</em></span> <span class='ocrx_word' id='word_1_67' title='bbox 679 1126 779 1212; x_wconf 82' lang='grc' dir='ltr'><em>αύτςό,</em></span> <span class='ocrx_word' id='word_1_68' title='bbox 804 1126 857 1191; x_wconf 79' lang='grc' dir='ltr'><em>ὅτε</em></span> <span class='ocrx_word' id='word_1_69' title='bbox 876 1127 970 1192; x_wconf 86' lang='grc' dir='ltr'><em>ούπω</em></span> <span class='ocrx_word' id='word_1_70' title='bbox 989 1149 1052 1210; x_wconf 85' lang='grc' dir='ltr'><em>φα-</em></span> 
     </span>
     <span class='ocr_line' id='line_1_10' title="bbox 44 1225 1052 1317; baseline 0.004 -24"><span class='ocrx_word' id='word_1_71' title='bbox 44 1230 135 1315; x_wconf 84' lang='grc' dir='ltr'><em>νερὸς</em></span> <span class='ocrx_word' id='word_1_72' title='bbox 157 1225 200 1312; x_wconf 79' lang='grc' dir='ltr'><em>ἦν</em></span> <span class='ocrx_word' id='word_1_73' title='bbox 223 1229 390 1314; x_wconf 87' lang='grc' dir='ltr'><em>πολέμιος,</em></span> <span class='ocrx_word' id='word_1_74' title='bbox 415 1241 523 1316; x_wconf 81' lang='grc' dir='ltr'><em>χρεῶν</em></span> <span class='ocrx_word' id='word_1_75' title='bbox 543 1229 714 1308; x_wconf 87' lang='grc' dir='ltr'><em>ἀποκοπάς</em></span> <span class='ocrx_word' id='word_1_76' title='bbox 730 1229 786 1296; x_wconf 81' lang='grc' dir='ltr'><em>καὶ</em></span> <span class='ocrx_word' id='word_1_77' title='bbox 803 1233 1052 1317; x_wconf 79' lang='grc' dir='ltr'><em>κατακριμάτων</em></span> 
     </span>
     <span class='ocr_line' id='line_1_11' title="bbox 46 1323 1089 1425; baseline -0.002 -25"><span class='ocrx_word' id='word_1_78' title='bbox 46 1334 173 1419; x_wconf 82' lang='grc' dir='ltr'><em>ἀφέσεις</em></span> <span class='ocrx_word' id='word_1_79' title='bbox 200 1335 402 1425; x_wconf 78' lang='grc' dir='ltr'><em>αἰτουμένην,</em></span> <span class='ocrx_word' id='word_1_80' title='bbox 430 1346 496 1402; x_wconf 82' lang='grc' dir='ltr'><em>νῦν</em></span> <span class='ocrx_word' id='word_1_81' title='bbox 524 1333 594 1402; x_wconf 76' lang='grc' dir='ltr'><em>ἐπεὶ</em></span> <span class='ocrx_word' id='word_1_82' title='bbox 618 1337 654 1402; x_wconf 84' lang='grc' dir='ltr'><em>έν</em></span> <span class='ocrx_word' id='word_1_83' title='bbox 676 1323 746 1414; x_wconf 68' lang='grc' dir='ltr'><em>τὀῖς</em></span> <span class='ocrx_word' id='word_1_84' title='bbox 769 1337 883 1413; x_wconf 81' lang='grc' dir='ltr'><em>ὅπλοις</em></span> <span class='ocrx_word' id='word_1_85' title='bbox 906 1335 975 1402; x_wconf 78' lang='grc' dir='ltr'><em>ἐστὶ</em></span> <span class='ocrx_word' id='word_1_86' title='bbox 998 1336 1053 1402; x_wconf 87' lang='grc' dir='ltr'><em>καὶ</em></span> <span class='ocrx_word' id='word_1_87' title='bbox 1065 1360 1089 1398; x_wconf 77' lang='grc' dir='ltr'><em>ιο</em></span> 
     </span>
     <span class='ocr_line' id='line_1_12' title="bbox 45 1441 1053 1529; baseline 0.004 -25"><span class='ocrx_word' id='word_1_88' title='bbox 45 1443 80 1506; x_wconf 81' lang='grc' dir='ltr'><em>τά</em></span> <span class='ocrx_word' id='word_1_89' title='bbox 105 1445 274 1526; x_wconf 88' lang='grc' dir='ltr'><em>πολεμίων</em></span> <span class='ocrx_word' id='word_1_90' title='bbox 302 1443 382 1529; x_wconf 79' lang='grc' dir='ltr'><em>δρᾷ,</em></span> <span class='ocrx_word' id='word_1_91' title='bbox 411 1441 500 1508; x_wconf 87' lang='grc' dir='ltr'><em>ταῦτ’</em></span> <span class='ocrx_word' id='word_1_92' title='bbox 533 1445 565 1508; x_wconf 90' lang='grc' dir='ltr'><em>εἰ</em></span> <span class='ocrx_word' id='word_1_93' title='bbox 591 1445 820 1528; x_wconf 73' lang='grc' dir='ltr'><em>συγχωρήσετε</em></span> <span class='ocrx_word' id='word_1_94' title='bbox 849 1443 1053 1524; x_wconf 75' lang='grc' dir='ltr'><em>βουλεύεσθε</em></span> 
     </span>
     <span class='ocr_line' id='line_1_13' title="bbox 10 1545 1055 1637; baseline 0.001 -24"><span class='ocrx_word' id='word_1_95' title='bbox 10 1546 97 1614; x_wconf 66' lang='lat' dir='ltr'><strong><em>usual</em></strong></span> <span class='ocrx_word' id='word_1_96' title='bbox 120 1548 139 1614; x_wconf 85' lang='grc' dir='ltr'><em>ό</em></span> <span class='ocrx_word' id='word_1_97' title='bbox 161 1571 194 1613; x_wconf 95' lang='grc' dir='ltr'><em>τι</em></span> <span class='ocrx_word' id='word_1_98' title='bbox 215 1547 279 1614; x_wconf 84' lang='grc' dir='ltr'><em>κάν</em></span> <span class='ocrx_word' id='word_1_99' title='bbox 303 1550 383 1616; x_wconf 90' lang='grc' dir='ltr'><em>ἀλλο</em></span> <span class='ocrx_word' id='word_1_100' title='bbox 407 1572 439 1613; x_wconf 89' lang='grc' dir='ltr'><em>τι</em></span> <span class='ocrx_word' id='word_1_101' title='bbox 463 1549 551 1637; x_wconf 77' lang='grc' dir='ltr'><em>αὐτῷ</em></span> <span class='ocrx_word' id='word_1_102' title='bbox 572 1550 666 1633; x_wconf 76' lang='grc' dir='ltr'><em>δοκῇ·</em></span> <span class='ocrx_word' id='word_1_103' title='bbox 691 1548 780 1627; x_wconf 84' lang='grc' dir='ltr'><em>δόξει</em></span> <span class='ocrx_word' id='word_1_104' title='bbox 799 1545 836 1614; x_wconf 76' lang='grc' dir='ltr'><em>δέ</em></span> <span class='ocrx_word' id='word_1_105' title='bbox 856 1551 975 1634; x_wconf 91' lang='grc' dir='ltr'><em>δήπου,</em></span> <span class='ocrx_word' id='word_1_106' title='bbox 998 1547 1055 1614; x_wconf 82' lang='grc' dir='ltr'><em>καὶ</em></span> 
     </span>
     <span class='ocr_line' id='line_1_14' title="bbox 46 1649 1055 1740; baseline 0.003 -22"><span class='ocrx_word' id='word_1_107' title='bbox 46 1665 173 1739; x_wconf 78' lang='grc' dir='ltr'><em>πρῶτον</em></span> <span class='ocrx_word' id='word_1_108' title='bbox 195 1658 368 1740; x_wconf 88' lang='grc' dir='ltr'><em>ποιήσεται</em></span> <span class='ocrx_word' id='word_1_109' title='bbox 390 1666 459 1720; x_wconf 82' lang='grc' dir='ltr'><em>τῶν</em></span> <span class='ocrx_word' id='word_1_110' title='bbox 483 1653 699 1740; x_wconf 81' lang='grc' dir='ltr'><em>ἀξιουμένων,</em></span> <span class='ocrx_word' id='word_1_111' title='bbox 726 1658 876 1739; x_wconf 86' lang='grc' dir='ltr'><em>ἰσότιμον</em></span> <span class='ocrx_word' id='word_1_112' title='bbox 895 1649 1055 1721; x_wconf 78' lang='grc' dir='ltr'><em>εἶναικαὶ</em></span> 
     </span>
     <span class='ocr_line' id='line_1_15' title="bbox 45 1759 1090 1848; baseline 0.003 -24"><span class='ocrx_word' id='word_1_113' title='bbox 45 1772 106 1826; x_wconf 84' lang='grc' dir='ltr'><em>τών</em></span> <span class='ocrx_word' id='word_1_114' title='bbox 139 1761 251 1828; x_wconf 82' lang='grc' dir='ltr'><em>αὐτῶν</em></span> <span class='ocrx_word' id='word_1_115' title='bbox 282 1761 362 1846; x_wconf 85' lang='grc' dir='ltr'><em>ήμῖν</em></span> <span class='ocrx_word' id='word_1_116' title='bbox 395 1759 551 1846; x_wconf 80' lang='grc' dir='ltr'><em>μετέχειν.</em></span> <span class='ocrx_word' id='word_1_117' title='bbox 598 1761 723 1827; x_wconf 84' lang='grc' dir='ltr'><em>οὐκοῦν</em></span> <span class='ocrx_word' id='word_1_118' title='bbox 753 1763 800 1838; x_wconf 92' lang='grc' dir='ltr'><em>εἰς</em></span> <span class='ocrx_word' id='word_1_119' title='bbox 830 1763 1090 1848; x_wconf 88' lang='grc' dir='ltr'><em>δημοκρατίαν3</em></span> 
     </span>
     <span class='ocr_line' id='line_1_16' title="bbox 45 1867 1092 1955; baseline 0.004 -24"><span class='ocrx_word' id='word_1_120' title='bbox 45 1872 270 1953; x_wconf 77' lang='grc' dir='ltr'><em>περιστήσεται</em></span> <span class='ocrx_word' id='word_1_121' title='bbox 292 1867 354 1950; x_wconf 72' lang='grc' dir='ltr'><em>(τά</em></span> <span class='ocrx_word' id='word_1_122' title='bbox 376 1868 572 1953; x_wconf 77' lang='grc' dir='ltr'><em>πράγματα)</em></span> <span class='ocrx_word' id='word_1_123' title='bbox 598 1869 659 1952; x_wconf 86' lang='grc' dir='ltr'><em>τήν</em></span> <span class='ocrx_word' id='word_1_124' title='bbox 677 1868 921 1953; x_wconf 76' lang='grc' dir='ltr'><em>ἀμαθεστάτην,</em></span> <span class='ocrx_word' id='word_1_125' title='bbox 945 1870 1092 1955; x_wconf 77' lang='grc' dir='ltr'><em>ώσπεριο</em></span> 
     </span>
     <span class='ocr_line' id='line_1_17' title="bbox 47 1973 1056 2059; baseline 0.002 -21"><span class='ocrx_word' id='word_1_126' title='bbox 47 1977 141 2058; x_wconf 75' lang='grc' dir='ltr'><em>ἔφην,</em></span> <span class='ocrx_word' id='word_1_127' title='bbox 173 1984 242 2038; x_wconf 81' lang='grc' dir='ltr'><em>τῶν</em></span> <span class='ocrx_word' id='word_1_128' title='bbox 271 1973 308 2038; x_wconf 86' lang='grc' dir='ltr'><em>έν</em></span> <span class='ocrx_word' id='word_1_129' title='bbox 338 1973 533 2059; x_wconf 83' lang='grc' dir='ltr'><em>ἀνθρώποις</em></span> <span class='ocrx_word' id='word_1_130' title='bbox 559 1979 736 2058; x_wconf 77' lang='grc' dir='ltr'><em>πολιτειῶν</em></span> <span class='ocrx_word' id='word_1_131' title='bbox 763 1973 818 2039; x_wconf 83' lang='grc' dir='ltr'><em>καὶ</em></span> <span class='ocrx_word' id='word_1_132' title='bbox 844 1973 925 2058; x_wconf 84' lang='grc' dir='ltr'><em>ὑμῖν</em></span> <span class='ocrx_word' id='word_1_133' title='bbox 953 1975 1056 2059; x_wconf 80' lang='grc' dir='ltr'><em>ἀσύμ</em></span> 
     </span>
     <span class='ocr_line' id='line_1_18' title="bbox 46 2077 1057 2167; baseline -0.001 -20"><span class='ocrx_word' id='word_1_134' title='bbox 46 2105 150 2167; x_wconf 79' lang='grc' dir='ltr'><em>φορον</em></span> <span class='ocrx_word' id='word_1_135' title='bbox 178 2090 248 2158; x_wconf 90' lang='grc' dir='ltr'><em>τοῖς</em></span> <span class='ocrx_word' id='word_1_136' title='bbox 276 2079 428 2159; x_wconf 82' lang='grc' dir='ltr'><em>ἀξιοῦσιν</em></span> <span class='ocrx_word' id='word_1_137' title='bbox 450 2083 565 2166; x_wconf 88' lang='grc' dir='ltr'><em>άρχειν</em></span> <span class='ocrx_word' id='word_1_138' title='bbox 589 2077 724 2167; x_wconf 82' lang='grc' dir='ltr'><em>ἕτέρων;</em></span> <span class='ocrx_word' id='word_1_139' title='bbox 754 2081 826 2163; x_wconf 86' lang='grc' dir='ltr'><em>οὐκ,</em></span> <span class='ocrx_word' id='word_1_140' title='bbox 850 2081 909 2146; x_wconf 86' lang='grc' dir='ltr'><em>έάν</em></span> <span class='ocrx_word' id='word_1_141' title='bbox 932 2105 969 2164; x_wconf 90' lang='grc' dir='ltr'><em>γε</em></span> <span class='ocrx_word' id='word_1_142' title='bbox 994 2099 1057 2146; x_wconf 83' lang='grc' dir='ltr'><em>σω·</em></span> 
     </span>
     <span class='ocr_line' id='line_1_19' title="bbox 46 2184 1059 2272; baseline -0.003 -19"><span class='ocrx_word' id='word_1_143' title='bbox 46 2196 188 2272; x_wconf 78' lang='grc' dir='ltr'><em>φρονῆτε</em></span> <span class='ocrx_word' id='word_1_144' title='bbox 215 2185 318 2269; x_wconf 85' lang='grc' dir='ltr'><em>ὑμεῖς.</em></span> <span class='ocrx_word' id='word_1_145' title='bbox 364 2185 384 2268; x_wconf 88' lang='grc' dir='ltr'><em>ή</em></span> <span class='ocrx_word' id='word_1_146' title='bbox 408 2186 543 2251; x_wconf 86' lang='grc' dir='ltr'><em>πάντων</em></span> <span class='ocrx_word' id='word_1_147' title='bbox 566 2184 718 2269; x_wconf 81' lang='grc' dir='ltr'><em>ἀνέίητε</em></span> <span class='ocrx_word' id='word_1_148' title='bbox 742 2185 999 2269; x_wconf 88' lang='grc' dir='ltr'><em>ἀφρονέστατοι,</em></span> <span class='ocrx_word' id='word_1_149' title='bbox 1028 2187 1059 2250; x_wconf 93' lang='grc' dir='ltr'><em>εἰ</em></span> 
     </span>
     <span class='ocr_line' id='line_1_20' title="bbox 46 2290 1057 2378; baseline -0.003 -19"><span class='ocrx_word' id='word_1_150' title='bbox 46 2296 122 2378; x_wconf 91' lang='grc' dir='ltr'><em>πρὸς</em></span> <span class='ocrx_word' id='word_1_151' title='bbox 147 2291 222 2369; x_wconf 85' lang='grc' dir='ltr'><em>ἑνὸς</em></span> <span class='ocrx_word' id='word_1_152' title='bbox 244 2293 407 2378; x_wconf 87' lang='grc' dir='ltr'><em>ἀρχεσθαι</em></span> <span class='ocrx_word' id='word_1_153' title='bbox 429 2301 632 2376; x_wconf 87' lang='grc' dir='ltr'><em>τυραννικοῦ</em></span> <span class='ocrx_word' id='word_1_154' title='bbox 651 2291 777 2375; x_wconf 89' lang='grc' dir='ltr'><em>ἀνδρὸς</em></span> <span class='ocrx_word' id='word_1_155' title='bbox 796 2291 858 2356; x_wconf 85' lang='grc' dir='ltr'><em>οὐκ</em></span> <span class='ocrx_word' id='word_1_156' title='bbox 876 2290 1057 2375; x_wconf 88' lang='grc' dir='ltr'><em>ἀνασχετὸν</em></span> 
     </span>
     <span class='ocr_line' id='line_1_21' title="bbox 46 2397 1097 2486; baseline -0.003 -22"><span class='ocrx_word' id='word_1_157' title='bbox 46 2399 245 2485; x_wconf 74' lang='grc' dir='ltr'><em>ἡγησάμενοι</em></span> <span class='ocrx_word' id='word_1_158' title='bbox 268 2401 361 2486; x_wconf 78' lang='grc' dir='ltr'><em>δήμω</em></span> <span class='ocrx_word' id='word_1_159' title='bbox 380 2400 555 2483; x_wconf 80' lang='grc' dir='ltr'><em>τυραννίδι</em></span> <span class='ocrx_word' id='word_1_160' title='bbox 574 2397 794 2486; x_wconf 77' lang='grc' dir='ltr'><em>πολυκεφάλῳ</em></span> <span class='ocrx_word' id='word_1_161' title='bbox 813 2407 878 2463; x_wconf 83' lang='grc' dir='ltr'><em>νῦν</em></span> <span class='ocrx_word' id='word_1_162' title='bbox 896 2397 981 2482; x_wconf 83' lang='grc' dir='ltr'><em>ὑμᾶς</em></span> <span class='ocrx_word' id='word_1_163' title='bbox 1001 2397 1058 2462; x_wconf 84' lang='grc' dir='ltr'><em>αύ-</em></span> <span class='ocrx_word' id='word_1_164' title='bbox 1070 2421 1097 2461; x_wconf 82' lang='grc' dir='ltr'><em>ω</em></span> 
     </span>
     <span class='ocr_line' id='line_1_22' title="bbox 46 2499 1058 2592; baseline -0.001 -23"><span class='ocrx_word' id='word_1_165' title='bbox 46 2509 120 2584; x_wconf 87' lang='grc' dir='ltr'><em>τοὺς</em></span> <span class='ocrx_word' id='word_1_166' title='bbox 152 2506 380 2592; x_wconf 86' lang='grc' dir='ltr'><em>παραδώσετε,</em></span> <span class='ocrx_word' id='word_1_167' title='bbox 413 2501 470 2568; x_wconf 82' lang='grc' dir='ltr'><em>καὶ</em></span> <span class='ocrx_word' id='word_1_168' title='bbox 500 2499 592 2569; x_wconf 85' lang='grc' dir='ltr'><em>ταῦτ’</em></span> <span class='ocrx_word' id='word_1_169' title='bbox 619 2503 659 2570; x_wconf 83' lang='grc' dir='ltr'><em>οὐ</em></span> <span class='ocrx_word' id='word_1_170' title='bbox 689 2505 770 2588; x_wconf 80' lang='grc' dir='ltr'><em>μετὰ</em></span> <span class='ocrx_word' id='word_1_171' title='bbox 797 2507 941 2589; x_wconf 89' lang='grc' dir='ltr'><em>χαρίτων</em></span> <span class='ocrx_word' id='word_1_172' title='bbox 969 2503 1058 2592; x_wconf 73' lang='grc' dir='ltr'><em>αὐτῷ</em></span> 
     </span>
     <span class='ocr_line' id='line_1_23' title="bbox 46 2607 1060 2697; baseline 0 -21"><span class='ocrx_word' id='word_1_173' title='bbox 46 2616 197 2679; x_wconf 86' lang='grc' dir='ltr'><em>πείθοντι</em></span> <span class='ocrx_word' id='word_1_174' title='bbox 220 2614 450 2697; x_wconf 86' lang='grc' dir='ltr'><em>συγχωρήσετε</em></span> <span class='ocrx_word' id='word_1_175' title='bbox 468 2610 534 2676; x_wconf 85' lang='grc' dir='ltr'><em>ὑπό</em></span> <span class='ocrx_word' id='word_1_176' title='bbox 552 2607 581 2675; x_wconf 87' lang='grc' dir='ltr'><em>τ’</em></span> <span class='ocrx_word' id='word_1_177' title='bbox 601 2610 747 2695; x_wconf 88' lang='grc' dir='ltr'><em>ἀνάγκης</em></span> <span class='ocrx_word' id='word_1_178' title='bbox 765 2610 988 2696; x_wconf 84' lang='grc' dir='ltr'><em>κρατηθέντες</em></span> <span class='ocrx_word' id='word_1_179' title='bbox 1005 2609 1060 2676; x_wconf 85' lang='grc' dir='ltr'><em>καὶ</em></span> 
     </span>
     <span class='ocr_line' id='line_1_24' title="bbox 48 2718 1060 2804; baseline 0.001 -22"><span class='ocrx_word' id='word_1_180' title='bbox 48 2718 88 2796; x_wconf 79' lang='grc' dir='ltr'><em>ὡς</em></span> <span class='ocrx_word' id='word_1_181' title='bbox 117 2719 185 2785; x_wconf 83' lang='grc' dir='ltr'><em>οὐκ</em></span> <span class='ocrx_word' id='word_1_182' title='bbox 213 2718 288 2797; x_wconf 84' lang='grc' dir='ltr'><em>ἐξὸν</em></span> <span class='ocrx_word' id='word_1_183' title='bbox 319 2719 401 2782; x_wconf 86' lang='grc' dir='ltr'><em>ἀλλο</em></span> <span class='ocrx_word' id='word_1_184' title='bbox 433 2740 465 2782; x_wconf 89' lang='grc' dir='ltr'><em>τι</em></span> <span class='ocrx_word' id='word_1_185' title='bbox 496 2719 580 2802; x_wconf 85' lang='grc' dir='ltr'><em>δρᾶν</em></span> <span class='ocrx_word' id='word_1_186' title='bbox 607 2727 672 2783; x_wconf 80' lang='grc' dir='ltr'><em>νῦν</em></span> <span class='ocrx_word' id='word_1_187' title='bbox 700 2719 780 2804; x_wconf 80' lang='grc' dir='ltr'><em>ἡμῖν</em></span> <span class='ocrx_word' id='word_1_188' title='bbox 806 2720 896 2802; x_wconf 84' lang='grc' dir='ltr'><em>παρὰ</em></span> <span class='ocrx_word' id='word_1_189' title='bbox 922 2719 1060 2803; x_wconf 89' lang='grc' dir='ltr'><em>γνώμην</em></span> 
     </span>
    </p>
   </div>
   <div class='ocr_carea' id='block_1_3' title="bbox 50 2908 1065 3554">
    <p class='ocr_par' dir='ltr' id='par_1_3' title="bbox 50 2908 1065 3554">
     <span class='ocr_line' id='line_1_25' title="bbox 116 2908 1060 2981; baseline -0.002 -15"><span class='ocrx_word' id='word_1_190' title='bbox 116 2918 132 2965; x_wconf 85' lang='grc'><strong>3</strong></span> <span class='ocrx_word' id='word_1_191' title='bbox 152 2919 208 2966; x_wconf 81' lang='grc' dir='ltr'><em>τῶν</em></span> <span class='ocrx_word' id='word_1_192' title='bbox 230 2911 294 2965; x_wconf 78' lang='lat' dir='ltr'><strong>add.</strong></span> <span class='ocrx_word' id='word_1_193' title='bbox 318 2909 423 2964; x_wconf 82' lang='lat' dir='ltr'><strong>Reiske</strong></span> <span class='ocrx_word' id='word_1_194' title='bbox 448 2915 453 2977; x_wconf 88' lang='grc'>1</span> <span class='ocrx_word' id='word_1_195' title='bbox 478 2908 623 2981; x_wconf 86' lang='grc' dir='ltr'><em>διαφέρων</em></span> <span class='ocrx_word' id='word_1_196' title='bbox 643 2909 665 2963; x_wconf 91' lang='grc' dir='ltr'>Ο</span> <span class='ocrx_word' id='word_1_197' title='bbox 703 2909 850 2981; x_wconf 83' lang='grc' dir='ltr'><em>διαφόρων</em></span> <span class='ocrx_word' id='word_1_198' title='bbox 869 2909 973 2964; x_wconf 79' lang='lat' dir='ltr'>Reiske</span> <span class='ocrx_word' id='word_1_199' title='bbox 1044 2916 1060 2964; x_wconf 84' lang='lat'>8</span> 
     </span>
     <span class='ocr_line' id='line_1_26' title="bbox 50 2974 1062 3053; baseline 0.001 -19"><span class='ocrx_word' id='word_1_200' title='bbox 50 2990 177 3052; x_wconf 77' lang='grc' dir='ltr'><em>φανερῶς</em></span> <span class='ocrx_word' id='word_1_201' title='bbox 195 2976 231 3050; x_wconf 75' lang='grc' dir='ltr'><em>ἀν</em></span> <span class='ocrx_word' id='word_1_202' title='bbox 249 2982 274 3034; x_wconf 84' lang='grc' dir='ltr'><strong>Α</strong></span> <span class='ocrx_word' id='word_1_203' title='bbox 311 2981 436 3053; x_wconf 79' lang='grc' dir='ltr'><em>φανερὸς</em></span> <span class='ocrx_word' id='word_1_204' title='bbox 453 2974 489 3050; x_wconf 75' lang='grc' dir='ltr'><em>ἦν</em></span> <span class='ocrx_word' id='word_1_205' title='bbox 508 2981 555 3034; x_wconf 91' lang='lat' dir='ltr'><em>Bb</em></span> <span class='ocrx_word' id='word_1_206' title='bbox 593 2980 748 3053; x_wconf 85' lang='grc' dir='ltr'><em>φανερόσιν</em></span> <span class='ocrx_word' id='word_1_207' title='bbox 765 2981 813 3035; x_wconf 75' lang='lat' dir='ltr'><em>Ba</em></span> <span class='ocrx_word' id='word_1_208' title='bbox 868 2988 901 3036; x_wconf 88' lang='lat'><em>10</em></span> <span class='ocrx_word' id='word_1_209' title='bbox 920 2984 985 3050; x_wconf 71' lang='lat' dir='ltr'><strong>post</strong></span> <span class='ocrx_word' id='word_1_210' title='bbox 1004 2977 1062 3035; x_wconf 77' lang='grc' dir='ltr'><em>ἐστὶ</em></span> 
     </span>
     <span class='ocr_line' id='line_1_27' title="bbox 50 3050 1063 3124; baseline 0.001 -19"><span class='ocrx_word' id='word_1_211' title='bbox 50 3068 129 3106; x_wconf 71' lang='lat' dir='ltr'>erasa</span> <span class='ocrx_word' id='word_1_212' title='bbox 147 3055 192 3107; x_wconf 72' lang='lat' dir='ltr'><em>ent</em></span> <span class='ocrx_word' id='word_1_213' title='bbox 209 3069 266 3106; x_wconf 77' lang='lat' dir='ltr'><em>una</em></span> <span class='ocrx_word' id='word_1_214' title='bbox 284 3051 340 3107; x_wconf 62' lang='lat' dir='ltr'>libb.</span> <span class='ocrx_word' id='word_1_215' title='bbox 434 3058 465 3106; x_wconf 91' lang='lat'><em>11</em></span> <span class='ocrx_word' id='word_1_216' title='bbox 487 3050 513 3107; x_wconf 87' lang='grc' dir='ltr'><em>εἰ</em></span> <span class='ocrx_word' id='word_1_217' title='bbox 530 3068 583 3106; x_wconf 90' lang='lat' dir='ltr'><em>om.</em></span> <span class='ocrx_word' id='word_1_218' title='bbox 603 3052 629 3106; x_wconf 84' lang='grc' dir='ltr'><strong>Α</strong></span> <span class='ocrx_word' id='word_1_219' title='bbox 648 3059 651 3116; x_wconf 73' lang='grc' dir='ltr'><em>λ</em></span> <span class='ocrx_word' id='word_1_220' title='bbox 673 3051 881 3123; x_wconf 81' lang='grc' dir='ltr'><em>συγχωρήσεται</em></span> <span class='ocrx_word' id='word_1_221' title='bbox 899 3055 928 3106; x_wconf 72' lang='grc' dir='ltr'><em>ελ</em></span> <span class='ocrx_word' id='word_1_222' title='bbox 948 3053 1063 3124; x_wconf 82' lang='grc' dir='ltr'><em>βουλεύ-</em></span> 
     </span>
     <span class='ocr_line' id='line_1_28' title="bbox 50 3121 1062 3198; baseline 0.001 -21"><span class='ocrx_word' id='word_1_223' title='bbox 50 3129 133 3178; x_wconf 84' lang='grc' dir='ltr'><em>εσθαι</em></span> <span class='ocrx_word' id='word_1_224' title='bbox 142 3123 188 3177; x_wconf 81' lang='lat' dir='ltr'><em>Ba</em></span> <span class='ocrx_word' id='word_1_225' title='bbox 207 3123 360 3198; x_wconf 82' lang='grc' dir='ltr'><em>βούλεσθαι</em></span> <span class='ocrx_word' id='word_1_226' title='bbox 369 3123 395 3177; x_wconf 87' lang='grc' dir='ltr'><strong>Α</strong></span> <span class='ocrx_word' id='word_1_227' title='bbox 411 3127 414 3193; x_wconf 85' lang='grc' dir='ltr'>Ι</span> <span class='ocrx_word' id='word_1_228' title='bbox 431 3126 497 3192; x_wconf 76' lang='lat' dir='ltr'><strong>post</strong></span> <span class='ocrx_word' id='word_1_229' title='bbox 511 3123 681 3195; x_wconf 78' lang='grc' dir='ltr'><em>βουλεύεσθε</em></span> <span class='ocrx_word' id='word_1_230' title='bbox 695 3124 782 3179; x_wconf 75' lang='lat' dir='ltr'>verba</span> <span class='ocrx_word' id='word_1_231' title='bbox 796 3123 845 3178; x_wconf 82' lang='grc' dir='ltr'><em>καλ</em></span> <span class='ocrx_word' id='word_1_232' title='bbox 859 3121 941 3193; x_wconf 88' lang='grc' dir='ltr'><em>λόγον</em></span> <span class='ocrx_word' id='word_1_233' title='bbox 956 3121 1062 3178; x_wconf 81' lang='grc' dir='ltr'><em>οδδένα</em></span> 
     </span>
     <span class='ocr_line' id='line_1_29' title="bbox 50 3193 1062 3265; baseline 0 -17"><span class='ocrx_word' id='word_1_234' title='bbox 50 3199 178 3250; x_wconf 81' lang='grc' dir='ltr'><em>ποιεῖσθε</em></span> <span class='ocrx_word' id='word_1_235' title='bbox 197 3193 376 3249; x_wconf 72' lang='grc' dir='ltr'><em>ἱαῖοεοὶδίεεε</em></span> <span class='ocrx_word' id='word_1_236' title='bbox 390 3195 536 3250; x_wconf 75' lang='grc' dir='ltr'><em>Μοοῖκαοτ</em></span> <span class='ocrx_word' id='word_1_237' title='bbox 553 3213 580 3263; x_wconf 90' lang='lat' dir='ltr'><em>p.</em></span> <span class='ocrx_word' id='word_1_238' title='bbox 597 3197 694 3249; x_wconf 75' lang='grc' dir='ltr'><em>εοεαε</em></span> <span class='ocrx_word' id='word_1_239' title='bbox 710 3211 761 3265; x_wconf 86' lang='lat' dir='ltr'><em>pro</em></span> <span class='ocrx_word' id='word_1_240' title='bbox 781 3197 851 3265; x_wconf 81' lang='grc' dir='ltr'><em>δοτιή</em></span> <span class='ocrx_word' id='word_1_241' title='bbox 870 3194 946 3248; x_wconf 82' lang='lat' dir='ltr'><strong>idem</strong></span> <span class='ocrx_word' id='word_1_242' title='bbox 964 3197 1062 3262; x_wconf 89' lang='grc' dir='ltr'><em>δοκοίη</em></span> 
     </span>
     <span class='ocr_line' id='line_1_30' title="bbox 52 3264 1064 3322; baseline 0.001 -5"><span class='ocrx_word' id='word_1_243' title='bbox 52 3265 228 3321; x_wconf 76' lang='lat' dir='ltr'>scribendum</span> <span class='ocrx_word' id='word_1_244' title='bbox 247 3282 308 3320; x_wconf 78' lang='lat' dir='ltr'>esse</span> <span class='ocrx_word' id='word_1_245' title='bbox 327 3268 424 3321; x_wconf 69' lang='lat' dir='ltr'>censet</span> <span class='ocrx_word' id='word_1_246' title='bbox 479 3272 511 3319; x_wconf 78' lang='lat'><em>12</em></span> <span class='ocrx_word' id='word_1_247' title='bbox 530 3265 579 3320; x_wconf 83' lang='grc' dir='ltr'><em>καλ</em></span> <span class='ocrx_word' id='word_1_248' title='bbox 598 3264 641 3320; x_wconf 82' lang='grc' dir='ltr'><em>ότι</em></span> <span class='ocrx_word' id='word_1_249' title='bbox 659 3264 714 3321; x_wconf 80' lang='grc' dir='ltr'><em>κάν</em></span> <span class='ocrx_word' id='word_1_250' title='bbox 733 3266 799 3322; x_wconf 84' lang='grc' dir='ltr'><em>ἀλλο</em></span> <span class='ocrx_word' id='word_1_251' title='bbox 817 3285 845 3320; x_wconf 85' lang='grc' dir='ltr'><em>τι</em></span> <span class='ocrx_word' id='word_1_252' title='bbox 862 3265 885 3322; x_wconf 90' lang='grc' dir='ltr'><strong>Β</strong></span> <span class='ocrx_word' id='word_1_253' title='bbox 921 3285 948 3320; x_wconf 90' lang='grc' dir='ltr'><em>τι</em></span> <span class='ocrx_word' id='word_1_254' title='bbox 966 3282 1019 3321; x_wconf 88' lang='lat' dir='ltr'><em>om.</em></span> <span class='ocrx_word' id='word_1_255' title='bbox 1039 3265 1064 3318; x_wconf 89' lang='lat' dir='ltr'>A</span> 
     </span>
     <span class='ocr_line' id='line_1_31' title="bbox 51 3325 1064 3407; baseline 0.001 -18"><span class='ocrx_word' id='word_1_256' title='bbox 51 3336 99 3390; x_wconf 82' lang='grc' dir='ltr'><em>καλ</em></span> <span class='ocrx_word' id='word_1_257' title='bbox 122 3336 164 3392; x_wconf 82' lang='grc' dir='ltr'><em>δτι</em></span> <span class='ocrx_word' id='word_1_258' title='bbox 187 3336 223 3393; x_wconf 82' lang='grc' dir='ltr'><em>ἀν</em></span> <span class='ocrx_word' id='word_1_259' title='bbox 245 3325 451 3407; x_wconf 66' lang='grc' dir='ltr'><em>ἀλλωδγίθδος</em></span> <span class='ocrx_word' id='word_1_260' title='bbox 538 3344 571 3392; x_wconf 85' lang='grc'><em>13</em></span> <span class='ocrx_word' id='word_1_261' title='bbox 590 3336 738 3405; x_wconf 86' lang='grc' dir='ltr'><em>ποιήσεται</em></span> <span class='ocrx_word' id='word_1_262' title='bbox 756 3338 809 3392; x_wconf 52' lang='lat' dir='ltr'><em>Ba*</em></span> <span class='ocrx_word' id='word_1_263' title='bbox 839 3335 968 3404; x_wconf 84' lang='grc' dir='ltr'><em>ποιήσετε</em></span> <span class='ocrx_word' id='word_1_264' title='bbox 987 3335 1064 3390; x_wconf 81' lang='lat' dir='ltr'><em>ABb</em></span> 
     </span>
     <span class='ocr_line' id='line_1_32' title="bbox 53 3406 1065 3480; baseline 0.003 -21"><span class='ocrx_word' id='word_1_265' title='bbox 53 3412 85 3461; x_wconf 73' lang='lat'><em>15</em></span> <span class='ocrx_word' id='word_1_266' title='bbox 111 3410 177 3476; x_wconf 71' lang='lat' dir='ltr'><strong>post</strong></span> <span class='ocrx_word' id='word_1_267' title='bbox 203 3407 397 3479; x_wconf 84' lang='grc' dir='ltr'><em>περιστήσεται</em></span> <span class='ocrx_word' id='word_1_268' title='bbox 425 3407 490 3463; x_wconf 77' lang='grc' dir='ltr'><em>εδδ.</em></span> <span class='ocrx_word' id='word_1_269' title='bbox 530 3407 549 3478; x_wconf 81' lang='grc' dir='ltr'>ἡ</span> <span class='ocrx_word' id='word_1_270' title='bbox 574 3407 655 3473; x_wconf 87' lang='grc' dir='ltr'><em>πόλις</em></span> <span class='ocrx_word' id='word_1_271' title='bbox 676 3409 821 3479; x_wconf 80' lang='lat' dir='ltr'>Kiossling</span> <span class='ocrx_word' id='word_1_272' title='bbox 856 3408 892 3462; x_wconf 83' lang='grc' dir='ltr'><em>τδι</em></span> <span class='ocrx_word' id='word_1_273' title='bbox 914 3406 1065 3480; x_wconf 85' lang='grc' dir='ltr'><em>πράγματα</em></span> 
     </span>
     <span class='ocr_line' id='line_1_33' title="bbox 53 3475 1008 3554; baseline 0.005 -25"><span class='ocrx_word' id='word_1_274' title='bbox 53 3475 157 3546; x_wconf 79' lang='lat' dir='ltr'><strong>Kayser</strong></span> <span class='ocrx_word' id='word_1_275' title='bbox 175 3479 247 3536; x_wconf 83' lang='lat' dir='ltr'><strong>Ann.</strong></span> <span class='ocrx_word' id='word_1_276' title='bbox 265 3479 335 3550; x_wconf 85' lang='lat' dir='ltr'>phil.</span> <span class='ocrx_word' id='word_1_277' title='bbox 356 3486 425 3536; x_wconf 85' lang='grc'><strong>1866</strong></span> <span class='ocrx_word' id='word_1_278' title='bbox 443 3498 470 3550; x_wconf 87' lang='lat' dir='ltr'><em>p.</em></span> <span class='ocrx_word' id='word_1_279' title='bbox 486 3486 521 3536; x_wconf 83' lang='lat'><em>44</em></span> <span class='ocrx_word' id='word_1_280' title='bbox 577 3488 609 3537; x_wconf 89' lang='lat'><em>18</em></span> <span class='ocrx_word' id='word_1_281' title='bbox 630 3479 657 3536; x_wconf 86' lang='grc' dir='ltr'><em>εἰ</em></span> <span class='ocrx_word' id='word_1_282' title='bbox 675 3478 704 3537; x_wconf 79' lang='grc' dir='ltr'><em>οἱ</em></span> <span class='ocrx_word' id='word_1_283' title='bbox 719 3481 745 3535; x_wconf 87' lang='lat' dir='ltr'>A</span> <span class='ocrx_word' id='word_1_284' title='bbox 799 3487 833 3536; x_wconf 77' lang='lat'><em>20</em></span> <span class='ocrx_word' id='word_1_285' title='bbox 851 3479 966 3554; x_wconf 80' lang='grc' dir='ltr'><em>&lt;ύ&gt;μᾶς</em></span> <span class='ocrx_word' id='word_1_286' title='bbox 985 3479 1008 3534; x_wconf 90' lang='grc' dir='ltr'><strong>Β</strong></span> 
     </span>
    </p>
   </div>
   <div class='ocr_carea' id='block_1_4' title="bbox 105 3576 905 3625">
    <p class='ocr_par' dir='ltr' id='par_1_4' title="bbox 105 3576 905 3625">
     <span class='ocr_line' id='line_1_34' title="bbox 105 3576 905 3625; baseline 0.009 -8"><span class='ocrx_word' id='word_1_287' title='bbox 105 3577 204 3621; x_wconf 77' lang='grc' dir='ltr'><em>Βιοιυιε.</em></span> <span class='ocrx_word' id='word_1_288' title='bbox 218 3583 282 3621; x_wconf 72' lang='lat' dir='ltr'>Eu..</span> <span class='ocrx_word' id='word_1_289' title='bbox 296 3581 328 3622; x_wconf 93' lang='lat'><em>11.</em></span> <span class='ocrx_word' id='word_1_290' title='bbox 349 3591 387 3621; x_wconf 79' lang='grc' dir='ltr'><em>πω.</em></span> <span class='ocrx_word' id='word_1_291' title='bbox 402 3581 505 3622; x_wconf 68' lang='grc' dir='ltr'><em>ῖαοοεα,</em></span> <span class='ocrx_word' id='word_1_292' title='bbox 872 3576 905 3625; x_wconf 78' lang='lat'><em>23</em></span> 
     </span>
    </p>
   </div>
   <div class='ocr_carea' id='block_1_5' title="bbox 0 0 1213 3912">
    <p class='ocr_par' dir='ltr' id='par_1_5' title="bbox 0 0 1213 3912">
     <span class='ocr_line' id='line_1_35' title="bbox 0 0 1213 3912; baseline 0 0"><span class='ocrx_word' id='word_1_293' title='bbox 0 0 1213 3912; x_wconf 95' lang='lat' dir='ltr'><em> </em></span> 
     </span>
    </p>
   </div>
  </div>
 </body>
</html>
