2400 3912
47 213 52 290 J
144 213 209 278 184
570 214 734 266 -Ε-

141 397 210 440 των
227 381 403 441 πεισθεῖσα
416 374 523 440 πάντα
537 384 734 460 συγχωρεῖν,
753 375 816 440 ὅσα
830 371 849 440 ὁ
867 373 1039 459 Ῥυρρηνὸς
1051 372 1180 456 ηξίονμιι

142 482 281 566 κάμνειν
309 482 370 546 τὸν
401 482 549 565 δημότην
578 478 634 545 καί
666 482 795 566 άπαρον
825 482 928 566 όχλον
956 477 1088 564 οίομένη
1112 490 1144 564 τῇ

144 587 262 654 σπάνει
291 597 359 653 τῶν
388 587 599 670 ἐπιτηδείων,
630 586 686 652 καὶ
713 587 888 672 ἀγαπητῶς
917 585 1070 666 δέξεσθαι
1094 587 1145 670 την

110 693 206 760 2τοῦ
228 692 378 779 πολέμου
400 694 508 774 λύσιν,
533 688 588 778 ἐφ’
611 686 662 770 οἷς
684 692 726 758 διν
749 691 886 777 γίνηται
904 694 1053 769 δικαίοις.
1083 691 1145 758 ὁδί

117 803 250 885 ἔνδημος
280 800 322 865 τά
353 797 415 884 μὲν
445 801 529 866 άλλα
559 809 622 866 τοῦ
652 799 946 884 προβουλεύματος
975 799 1147 881 ἐψηφίσατο

143 908 242 993 κύρια
266 901 363 989 εἶναι,
386 908 448 990 την
472 905 502 972 δ’
524 906 689 972 ἀπόδοσιν
710 918 780 972 τῶν
802 905 980 991 χρημάτων
1002 905 1064 971 οὐκ
1085 903 1148 988 ηνέ-

145 1030 256 1097 σχετο,
284 1011 367 1077 ἀλλὰ
393 1011 553 1078 τάναντία
581 1015 685 1096 ἔγνω,
713 1008 787 1097 μήτ’
810 1011 846 1078 ἐκ
871 1022 941 1078 τῶν
964 1013 1061 1078 ίδίων
1082 1011 1145 1096 μηί

145 1118 182 1183 ἐκ
203 1128 271 1184 τῶν
294 1129 418 1185 κοινῶν
440 1127 511 1195 τοῖς
528 1119 708 1205 τυράννοις
727 1113 833 1204 μηδὲν
852 1118 1062 1202 ἀποδιδόναι,
1074 1141 1149 1204 ,πρε-

146 1227 286 1308 σβευτάς
310 1221 347 1290 δέ
369 1223 597 1310 περὶτούτων
619 1227 703 1311 πρὸς
726 1223 864 1310 βασιλέα
884 1227 1061 1312 Πορσίναν
1081 1225 1149 1290 ἀπο

105 1348 131 1386 1⁰
145 1336 285 1414 στεῖλαι,
314 1333 435 1410 οἵτινες
462 1331 665 1411 ἀξιώσωσιν
692 1333 797 1398 αὐτὸν
823 1333 864 1397 τδ
891 1327 952 1416 μὲν
976 1331 1085 1418 ὅμηρα
1105 1331 1150 1397 καὶ

144 1439 206 1521 την
229 1439 341 1524 χώραν
363 1441 584 1525 παραλαβεῖν,
607 1436 684 1525 περὶ
707 1435 745 1504 δὲ
766 1448 834 1504 τῶν
857 1437 1036 1523 χρημάτων
1059 1439 1150 1504 αὐτὸν

146 1546 305 1630 δικαστὴν
327 1547 511 1631 γενόμενον
529 1548 730 1629 Ταρκυνίοις
752 1567 787 1610 τε
804 1542 861 1610 καί
874 1543 1057 1630 Ῥωμαίοις,
1081 1546 1149 1611 ὅταν

144 1650 344 1738 ἀμφοτέρων
366 1652 493 1737 ἀκούσῃ
516 1661 630 1739 κρίναι
653 1654 693 1717 τά
717 1654 828 1718 δίκαια
852 1654 932 1737 μήτε
954 1652 1065 1737 χάριτι
1085 1655 1148 1737 μήτ’

110 1757 251 1843 3ἔχθρμ
280 1758 504 1844 παραχθέντα.
550 1755 699 1844 ἀπῄεσαν
729 1759 766 1823 οί
796 1757 967 1844 Τυρρηνοὶ
994 1759 1053 1836 τὰς
1083 1759 1151 1826 ἀπο

105 1880 131 1920 1⁵
145 1867 270 1946 κρίσεις
287 1865 409 1942 ταύτας
426 1865 510 1949 πρὸς
527 1864 665 1948 βασιλέα
683 1869 874 1949 κομίζοντες
891 1863 947 1930 καί
966 1867 1031 1930 σύν
1049 1867 1152 1944 αὐτοῖς

146 1970 182 2034 οί
201 1970 464 2048 κατασταθέντες
486 1970 552 2036 ὑπὸ
574 1980 636 2036 τοῦ
659 1972 769 2056 δύμον
791 1969 945 2058 πρέσβεις
968 1971 1107 2056 άγοντες
1124 1973 1152 2038 ἐκ
1186 1997 1187 2028 ι

145 2086 213 2141 τῶν
237 2079 378 2162 πρώτων
401 2077 517 2143 οίκιῶν
540 2083 645 2143 είκοσι
668 2079 804 2161 παῖδας,
833 2076 893 2154 οὓς
915 2079 984 2143 ἔδει
1007 2077 1152 2165 περὶτῆς

144 2185 304 2268 πατρίδος
335 2183 534 2269 ὁμηρεῦσαι,
565 2193 634 2248 τῶν
666 2183 802 2249 ὑπάτων
828 2183 971 2269 πρώτων
997 2186 1039 2250 τὰ
1065 2185 1152 2251 τέκνα

145 2288 344 2373 ἐπιδόντων,
372 2290 518 2376 Μάρκου
545 2287 606 2374 μέν
625 2287 778 2377 Ὁρατίου
799 2292 860 2357 τὸν
881 2292 976 2375 νίόν,
1008 2294 1183 2357 Ποπλίονθθ

105 2413 132 2454 2⁰
146 2392 183 2462 δέ
217 2397 405 2483 Οὐαλερίου
440 2398 504 2480 την
534 2396 706 2483 θυγατέρα
736 2399 854 2482 γάμων
885 2400 1031 2483 έχουσαν
1064 2401 1151 2484 ὥραν.

109 2501 359 2587 4ἀφικομένων
388 2499 426 2568 δὲ
452 2503 584 2568 τούτων
611 2501 665 2568 ἐπὶ
691 2505 729 2568 τὸ
757 2504 984 2588 στρατόπεδον
1010 2505 1101 2588 ἥσθη
1125 2527 1151 2568 τε

146 2608 164 2673 ὁ
193 2611 349 2692 βασιλεὺς
375 2607 431 2676 καὶ
454 2610 562 2675 πολλά
583 2613 663 2687 τοὺς
681 2605 864 2694 Ῥωμαίους
887 2608 1064 2688 ἐπαινέσας
1087 2611 1151 2676 άνο

145 2715 205 2799 χάς
228 2713 405 2782 σπένδεται
422 2718 506 2802 πρὸς
524 2716 647 2793 αὐτούς
665 2717 712 2793 είς
730 2714 919 2802 ὡρισμένον
936 2718 1014 2782 τινὰ
1030 2717 1152 2803 ἡμερῶν
1184 2715 1185 2730 ’

146 2820 294 2905 ἀριθμὸν
330 2820 385 2888 καὶ
421 2824 484 2906 την
521 2823 619 2906 δίκην
652 2821 752 2899 αὐτὸς
784 2822 979 2908 ἀναδέχεται
1012 2825 1151 2903 δικάζειν.

105 2944 132 2986 25
150 2929 332 3014 Ταρκύνιοι
362 2926 396 2992 δ’
428 2929 576 3012 ἤχθοντο
605 2925 667 3013 μὲν
694 2927 759 2994 άπὸ
787 2931 948 3013 μειζόνων
970 2927 1152 3004 ἐκπεσόντες
1183 3013 1184 3022 ρ

146 3034 302 3117 ἐλπίδων,
322 3033 361 3111 ἃς
379 3029 470 3118 εἶχον
489 3032 543 3100 ἐπὶ
559 3042 606 3123 τῷ
625 3039 765 3119 βασιλεῖ,
784 3041 992 3120 καταχθῆναι
1008 3034 1152 3114 δόξαντες

220 3264 234 3311 1
254 3259 369 3322 πιοθελς
386 3259 501 3316 ἅπαντα
519 3262 565 3316 Ba
637 3269 653 3316 2
672 3261 722 3317 καί
738 3261 788 3318 τὸν
807 3261 912 3318 Βείελτο
980 3269 996 3318 3
1016 3261 1151 3334 ἀγαπητόν

150 3331 180 3404 Α,
202 3331 207 3392 Ι
232 3327 414 3393 δέξασθαιΟ
438 3347 507 3385 corr.
533 3332 655 3403 Sylburg
744 3340 839 3397 8τοίς
856 3341 1004 3403 τυρρηνοῖς
1020 3333 1072 3387 ΑΒ
1090 3349 1150 3386 corr.
1182 3353 1183 3386 ι

152 3393 276 3449 Smtenis
295 3397 355 3453 Em
374 3399 456 3455 Dion.
476 3401 502 3455 II
519 3409 550 3457 19
639 3411 672 3458 13
690 3405 790 3459 δίκαια
808 3405 950 3462 δοκοῦντα
968 3406 990 3461 Ο
1009 3403 1151 3475 praetorB

155 3469 187 3516 17
207 3466 366 3530 πρώτωνΒ
403 3479 514 3539 πρῶτον
532 3473 558 3526 R
629 3479 664 3529 25
682 3473 815 3538 πεσόντες
832 3477 879 3530 Ba
