<?xml version="1.0" encoding="UTF-8"?>
<!DOCTYPE html PUBLIC "-//W3C//DTD XHTML 1.0 Transitional//EN"
    "http://www.w3.org/TR/xhtml1/DTD/xhtml1-transitional.dtd">
<html xmlns="http://www.w3.org/1999/xhtml" xml:lang="en" lang="en">
 <head>
  <title>
</title>
<meta http-equiv="Content-Type" content="text/html;charset=utf-8" />
  <meta name='ocr-system' content='tesseract 3.04.00' />
  <meta name='ocr-capabilities' content='ocr_page ocr_carea ocr_par ocr_line ocrx_word'/>
</head>
<body>
  <div class='ocr_page' id='page_1' title='image "./antiquitatumrom01jacogoog_0157.png"; bbox 0 0 2400 3912; ppageno 0'>
   <div class='ocr_carea' id='block_1_1' title="bbox 146 213 739 277">
    <p class='ocr_par' dir='ltr' id='par_1_1' title="bbox 146 213 739 277">
     <span class='ocr_line' id='line_1_1' title="bbox 146 213 739 277; baseline 0 -1"><span class='ocrx_word' id='word_1_1' title='bbox 146 213 210 277; x_wconf 89' lang='grc'><strong><em>146</em></strong></span> <span class='ocrx_word' id='word_1_2' title='bbox 574 214 739 264; x_wconf 78' lang='lat' dir='ltr'><strong><em>-E-</em></strong></span> 
     </span>
    </p>
   </div>
   <div class='ocr_carea' id='block_1_2' title="bbox 108 373 1185 3058">
    <p class='ocr_par' dir='ltr' id='par_1_2' title="bbox 108 373 1181 3049">
     <span class='ocr_line' id='line_1_2' title="bbox 147 373 1153 461; baseline -0.001 -21"><span class='ocrx_word' id='word_1_3' title='bbox 147 375 415 461; x_wconf 83' lang='grc' dir='ltr'><strong><em>σκευιορούμενοι</em></strong></span> <span class='ocrx_word' id='word_1_4' title='bbox 446 376 487 439; x_wconf 81' lang='grc' dir='ltr'><strong><em>τὰ</em></strong></span> <span class='ocrx_word' id='word_1_5' title='bbox 518 375 601 440; x_wconf 87' lang='grc' dir='ltr'><strong><em>κατδι</em></strong></span> <span class='ocrx_word' id='word_1_6' title='bbox 632 375 694 459; x_wconf 80' lang='grc' dir='ltr'><strong><em>τὴν</em></strong></span> <span class='ocrx_word' id='word_1_7' title='bbox 725 377 840 458; x_wconf 86' lang='grc' dir='ltr'><strong><em>πόλιν,</em></strong></span> <span class='ocrx_word' id='word_1_8' title='bbox 873 374 919 452; x_wconf 78' lang='grc' dir='ltr'><strong><em>ὡς</em></strong></span> <span class='ocrx_word' id='word_1_9' title='bbox 951 373 969 439; x_wconf 85' lang='grc' dir='ltr'>ὁ</span> <span class='ocrx_word' id='word_1_10' title='bbox 999 374 1153 460; x_wconf 86' lang='grc' dir='ltr'><strong><em>τύραννος</em></strong></span> 
     </span>
     <span class='ocr_line' id='line_1_3' title="bbox 110 479 1152 567; baseline -0.001 -22"><span class='ocrx_word' id='word_1_11' title='bbox 110 481 131 545; x_wconf 85' lang='grc'>3</span> <span class='ocrx_word' id='word_1_12' title='bbox 148 481 261 558; x_wconf 84' lang='grc' dir='ltr'><strong><em>αὐτοῖς</em></strong></span> <span class='ocrx_word' id='word_1_13' title='bbox 284 479 456 547; x_wconf 80' lang='grc' dir='ltr'><strong><em>ἐπέστειλε.</em></strong></span> <span class='ocrx_word' id='word_1_14' title='bbox 492 481 551 558; x_wconf 78' lang='grc' dir='ltr'><strong><em>τίς</em></strong></span> <span class='ocrx_word' id='word_1_15' title='bbox 572 504 608 547; x_wconf 88' lang='grc' dir='ltr'><strong><em>τε</em></strong></span> <span class='ocrx_word' id='word_1_16' title='bbox 630 483 694 565; x_wconf 79' lang='grc' dir='ltr'><strong><em>γὰρ</em></strong></span> <span class='ocrx_word' id='word_1_17' title='bbox 718 480 893 558; x_wconf 75' lang='grc' dir='ltr'><strong><em>ἐπιστολὰς</em></strong></span> <span class='ocrx_word' id='word_1_18' title='bbox 912 482 970 557; x_wconf 82' lang='grc' dir='ltr'><strong><em>τὰς</em></strong></span> <span class='ocrx_word' id='word_1_19' title='bbox 986 481 1077 567; x_wconf 79' lang='grc' dir='ltr'><strong><em>παρὰ</em></strong></span> <span class='ocrx_word' id='word_1_20' title='bbox 1095 491 1152 545; x_wconf 76' lang='grc' dir='ltr'><strong><em>τόν</em></strong></span> 
     </span>
     <span class='ocr_line' id='line_1_4' title="bbox 145 583 1150 673; baseline -0.003 -19"><span class='ocrx_word' id='word_1_21' title='bbox 145 589 308 673; x_wconf 72' lang='grc' dir='ltr'><strong><em>φυγάδων</em></strong></span> <span class='ocrx_word' id='word_1_22' title='bbox 331 598 401 664; x_wconf 82' lang='grc' dir='ltr'><strong><em>τοῖς</em></strong></span> <span class='ocrx_word' id='word_1_23' title='bbox 425 587 623 671; x_wconf 77' lang='grc' dir='ltr'><strong><em>ἐπιτηδείοις</em></strong></span> <span class='ocrx_word' id='word_1_24' title='bbox 646 587 757 654; x_wconf 81' lang='grc' dir='ltr'><strong><em>αὐτῶν</em></strong></span> <span class='ocrx_word' id='word_1_25' title='bbox 781 586 985 654; x_wconf 80' lang='grc' dir='ltr'><strong><em>ἀπεδίδοσαν</em></strong></span> <span class='ocrx_word' id='word_1_26' title='bbox 1009 585 1065 652; x_wconf 84' lang='grc' dir='ltr'><strong><em>καὶ</em></strong></span> <span class='ocrx_word' id='word_1_27' title='bbox 1082 583 1150 672; x_wconf 82' lang='grc' dir='ltr'><strong><em>παρ’</em></strong></span> 
     </span>
     <span class='ocr_line' id='line_1_5' title="bbox 145 691 1152 780; baseline -0.002 -20"><span class='ocrx_word' id='word_1_28' title='bbox 145 693 283 760; x_wconf 81' lang='grc' dir='ltr'><strong><em>ἐκείνων</em></strong></span> <span class='ocrx_word' id='word_1_29' title='bbox 311 691 424 779; x_wconf 75' lang='grc' dir='ltr'><strong><em>ἑτέρας</em></strong></span> <span class='ocrx_word' id='word_1_30' title='bbox 450 694 534 780; x_wconf 88' lang='grc' dir='ltr'><strong><em>πρὸς</em></strong></span> <span class='ocrx_word' id='word_1_31' title='bbox 561 696 641 771; x_wconf 85' lang='grc' dir='ltr'><strong><em>τοὺς</em></strong></span> <span class='ocrx_word' id='word_1_32' title='bbox 668 694 822 778; x_wconf 75' lang='grc' dir='ltr'><em>φυγάδας</em></span> <span class='ocrx_word' id='word_1_33' title='bbox 845 693 1047 779; x_wconf 77' lang='grc' dir='ltr'><em>ἐλάμβανον·</em></span> <span class='ocrx_word' id='word_1_34' title='bbox 1083 710 1152 758; x_wconf 91' lang='grc' dir='ltr'><strong><em>συν-</em></strong></span> 
     </span>
     <span class='ocr_line' id='line_1_6' title="bbox 122 797 1152 886; baseline 0.002 -24"><span class='ocrx_word' id='word_1_35' title='bbox 122 803 253 879; x_wconf 83' lang='grc' dir='ltr'><strong><em>ειόντες</em></strong></span> <span class='ocrx_word' id='word_1_36' title='bbox 285 797 322 865; x_wconf 78' lang='grc' dir='ltr'><strong><em>δὲ</em></strong></span> <span class='ocrx_word' id='word_1_37' title='bbox 353 804 490 877; x_wconf 78' lang='grc' dir='ltr'><strong><em>πολλοῖς</em></strong></span> <span class='ocrx_word' id='word_1_38' title='bbox 522 802 570 877; x_wconf 92' lang='grc' dir='ltr'><strong><em>είς</em></strong></span> <span class='ocrx_word' id='word_1_39' title='bbox 601 800 737 884; x_wconf 78' lang='grc' dir='ltr'><strong><em>ὁμιλίαν</em></strong></span> <span class='ocrx_word' id='word_1_40' title='bbox 763 798 821 865; x_wconf 79' lang='grc' dir='ltr'><strong><em>καὶ</em></strong></span> <span class='ocrx_word' id='word_1_41' title='bbox 849 800 1026 886; x_wconf 76' lang='grc' dir='ltr'><strong><em>διάπειραν</em></strong></span> <span class='ocrx_word' id='word_1_42' title='bbox 1054 800 1152 865; x_wconf 75' lang='grc' dir='ltr'><strong><em>αὐτῶν</em></strong></span> 
     </span>
     <span class='ocr_line' id='line_1_7' title="bbox 120 905 1152 994; baseline 0 -22"><span class='ocrx_word' id='word_1_43' title='bbox 120 916 204 990; x_wconf 73' lang='grc' dir='ltr'><strong><em>τῆς</em></strong></span> <span class='ocrx_word' id='word_1_44' title='bbox 230 905 454 994; x_wconf 82' lang='grc' dir='ltr'><strong><em>προαιρέσεως</em></strong></span> <span class='ocrx_word' id='word_1_45' title='bbox 477 908 718 992; x_wconf 83' lang='grc' dir='ltr'><strong><em>λαμβάνοντες,</em></strong></span> <span class='ocrx_word' id='word_1_46' title='bbox 747 906 807 984; x_wconf 80' lang='grc' dir='ltr'><strong><em>οὓς</em></strong></span> <span class='ocrx_word' id='word_1_47' title='bbox 829 907 1018 991; x_wconf 77' lang='grc' dir='ltr'><strong><em>εὑρίσκοιεν</em></strong></span> <span class='ocrx_word' id='word_1_48' title='bbox 1041 906 1152 972; x_wconf 81' lang='grc' dir='ltr'><strong><em>εὐαλώ-</em></strong></span> 
     </span>
     <span class='ocr_line' id='line_1_8' title="bbox 145 1008 1153 1098; baseline 0 -20"><span class='ocrx_word' id='word_1_49' title='bbox 145 1037 226 1091; x_wconf 88' lang='grc' dir='ltr'><strong><em>τους</em></strong></span> <span class='ocrx_word' id='word_1_50' title='bbox 257 1008 302 1078; x_wconf 91' lang='grc' dir='ltr'><strong><em>δι’</em></strong></span> <span class='ocrx_word' id='word_1_51' title='bbox 324 1011 505 1079; x_wconf 79' lang='grc' dir='ltr'><strong><em>ἀσθένειαν</em></strong></span> <span class='ocrx_word' id='word_1_52' title='bbox 536 1013 672 1098; x_wconf 78' lang='grc' dir='ltr'><strong><em>γνώμης</em></strong></span> <span class='ocrx_word' id='word_1_53' title='bbox 698 1013 720 1098; x_wconf 76' lang='grc' dir='ltr'><strong><em>ἣ</em></strong></span> <span class='ocrx_word' id='word_1_54' title='bbox 748 1017 825 1097; x_wconf 82' lang='grc' dir='ltr'><strong><em>βίον</em></strong></span> <span class='ocrx_word' id='word_1_55' title='bbox 852 1014 977 1079; x_wconf 79' lang='grc' dir='ltr'><strong><em>σπάνιν</em></strong></span> <span class='ocrx_word' id='word_1_56' title='bbox 1003 1013 1025 1097; x_wconf 78' lang='grc' dir='ltr'>ἢ</span> <span class='ocrx_word' id='word_1_57' title='bbox 1051 1016 1153 1078; x_wconf 86' lang='grc' dir='ltr'><strong><em>πόθον</em></strong></span> 
     </span>
     <span class='ocr_line' id='line_1_9' title="bbox 145 1119 1153 1207; baseline 0.002 -23"><span class='ocrx_word' id='word_1_58' title='bbox 145 1129 213 1185; x_wconf 81' lang='grc' dir='ltr'><strong><em>τῶν</em></strong></span> <span class='ocrx_word' id='word_1_59' title='bbox 239 1119 276 1186; x_wconf 79' lang='grc' dir='ltr'><strong><em>ἐν</em></strong></span> <span class='ocrx_word' id='word_1_60' title='bbox 298 1129 337 1206; x_wconf 74' lang='grc' dir='ltr'><strong><em>τῇ</em></strong></span> <span class='ocrx_word' id='word_1_61' title='bbox 360 1122 537 1206; x_wconf 76' lang='grc' dir='ltr'><strong><em>τυραννίδι</em></strong></span> <span class='ocrx_word' id='word_1_62' title='bbox 559 1121 775 1204; x_wconf 80' lang='grc' dir='ltr'><strong><em>πλεονεξιῶν,</em></strong></span> <span class='ocrx_word' id='word_1_63' title='bbox 804 1120 940 1198; x_wconf 77' lang='grc' dir='ltr'><strong><em>ἐλπίδας</em></strong></span> <span class='ocrx_word' id='word_1_64' title='bbox 961 1144 998 1187; x_wconf 89' lang='grc' dir='ltr'><strong><em>τε</em></strong></span> <span class='ocrx_word' id='word_1_65' title='bbox 1021 1123 1153 1207; x_wconf 72' lang='grc' dir='ltr'><strong><em>χρηστὰς</em></strong></span> 
     </span>
     <span class='ocr_line' id='line_1_10' title="bbox 145 1225 1185 1312; baseline 0 -21"><span class='ocrx_word' id='word_1_66' title='bbox 145 1227 378 1303; x_wconf 82' lang='grc' dir='ltr'><strong><em>ὑποτείνοντες</em></strong></span> <span class='ocrx_word' id='word_1_67' title='bbox 404 1227 517 1304; x_wconf 79' lang='grc' dir='ltr'><strong><em>αὐτοῖς</em></strong></span> <span class='ocrx_word' id='word_1_68' title='bbox 543 1226 600 1293; x_wconf 85' lang='grc' dir='ltr'><strong><em>καὶ</em></strong></span> <span class='ocrx_word' id='word_1_69' title='bbox 623 1228 773 1312; x_wconf 80' lang='grc' dir='ltr'><strong><em>χρήματα</em></strong></span> <span class='ocrx_word' id='word_1_70' title='bbox 797 1228 948 1304; x_wconf 83' lang='grc' dir='ltr'><strong><em>διδόντες</em></strong></span> <span class='ocrx_word' id='word_1_71' title='bbox 968 1225 1185 1312; x_wconf 75' lang='grc' dir='ltr'><strong><em>ἐπεχείρουνετε</em></strong></span> 
     </span>
     <span class='ocr_line' id='line_1_11' title="bbox 108 1299 1153 1426; baseline 0 -28"><span class='ocrx_word' id='word_1_72' title='bbox 108 1299 367 1426; x_wconf 69' lang='grc' dir='ltr'><strong><em>4διαφθείρειν.</em></strong></span> <span class='ocrx_word' id='word_1_73' title='bbox 402 1335 540 1416; x_wconf 79' lang='grc' dir='ltr'><strong><em>ἔμελλον</em></strong></span> <span class='ocrx_word' id='word_1_74' title='bbox 564 1329 597 1398; x_wconf 91' lang='grc' dir='ltr'><strong><em>δ’</em></strong></span> <span class='ocrx_word' id='word_1_75' title='bbox 625 1335 735 1419; x_wconf 83' lang='grc' dir='ltr'><strong><em>ὥσπερ</em></strong></span> <span class='ocrx_word' id='word_1_76' title='bbox 759 1335 845 1412; x_wconf 88' lang='grc' dir='ltr'><strong><em>είκὸς</em></strong></span> <span class='ocrx_word' id='word_1_77' title='bbox 868 1332 905 1399; x_wconf 81' lang='grc' dir='ltr'><strong><em>ἐν</em></strong></span> <span class='ocrx_word' id='word_1_78' title='bbox 924 1336 1021 1399; x_wconf 88' lang='grc' dir='ltr'><strong><em>πόλει</em></strong></span> <span class='ocrx_word' id='word_1_79' title='bbox 1039 1333 1153 1418; x_wconf 76' lang='grc' dir='ltr'><strong><em>μεγάλη</em></strong></span> 
     </span>
     <span class='ocr_line' id='line_1_12' title="bbox 144 1437 1152 1528; baseline -0.002 -22"><span class='ocrx_word' id='word_1_80' title='bbox 144 1437 199 1528; x_wconf 78' lang='grc' dir='ltr'><strong><em>καὶ</em></strong></span> <span class='ocrx_word' id='word_1_81' title='bbox 221 1441 455 1526; x_wconf 87' lang='grc' dir='ltr'><strong><em>πολυοχλούση</em></strong></span> <span class='ocrx_word' id='word_1_82' title='bbox 478 1441 697 1524; x_wconf 80' lang='grc' dir='ltr'><strong><em>φανήσεσθαί</em></strong></span> <span class='ocrx_word' id='word_1_83' title='bbox 714 1462 802 1517; x_wconf 90' lang='grc' dir='ltr'><strong><em>τινες</em></strong></span> <span class='ocrx_word' id='word_1_84' title='bbox 820 1441 857 1506; x_wconf 82' lang='grc' dir='ltr'><strong><em>ολ</em></strong></span> <span class='ocrx_word' id='word_1_85' title='bbox 873 1441 934 1524; x_wconf 76' lang='grc' dir='ltr'><strong><em>την</em></strong></span> <span class='ocrx_word' id='word_1_86' title='bbox 953 1443 1053 1527; x_wconf 77' lang='grc' dir='ltr'><strong><em>χείρω</em></strong></span> <span class='ocrx_word' id='word_1_87' title='bbox 1072 1446 1152 1505; x_wconf 93' lang='grc' dir='ltr'><strong><em>πολι-</em></strong></span> 
     </span>
     <span class='ocr_line' id='line_1_13' title="bbox 143 1518 1152 1633; baseline 0.001 -22"><span class='ocrx_word' id='word_1_88' title='bbox 143 1518 236 1612; x_wconf 80' lang='grc' dir='ltr'><strong><em>τείαν</em></strong></span> <span class='ocrx_word' id='word_1_89' title='bbox 259 1547 475 1632; x_wconf 78' lang='grc' dir='ltr'><strong><em>αἱρησόμενοι</em></strong></span> <span class='ocrx_word' id='word_1_90' title='bbox 497 1549 562 1632; x_wconf 85' lang='grc' dir='ltr'><strong><em>πρὸ</em></strong></span> <span class='ocrx_word' id='word_1_91' title='bbox 584 1556 644 1631; x_wconf 80' lang='grc' dir='ltr'><strong><em>τῆς</em></strong></span> <span class='ocrx_word' id='word_1_92' title='bbox 665 1550 855 1633; x_wconf 79' lang='grc' dir='ltr'><strong><em>κρείττονος</em></strong></span> <span class='ocrx_word' id='word_1_93' title='bbox 879 1547 920 1612; x_wconf 88' lang='grc' dir='ltr'><strong><em>ού</em></strong></span> <span class='ocrx_word' id='word_1_94' title='bbox 937 1557 1007 1612; x_wconf 77' lang='grc' dir='ltr'><strong><em>τῶν</em></strong></span> <span class='ocrx_word' id='word_1_95' title='bbox 1027 1547 1152 1631; x_wconf 79' lang='grc' dir='ltr'><strong><em>ἀσήμων</em></strong></span> 
     </span>
     <span class='ocr_line' id='line_1_14' title="bbox 145 1646 1155 1738; baseline -0.002 -21"><span class='ocrx_word' id='word_1_96' title='bbox 145 1655 264 1736; x_wconf 88' lang='grc' dir='ltr'><strong><em>μόνον,</em></strong></span> <span class='ocrx_word' id='word_1_97' title='bbox 293 1653 376 1718; x_wconf 82' lang='grc' dir='ltr'><strong><em>ἀλλὰ</em></strong></span> <span class='ocrx_word' id='word_1_98' title='bbox 399 1651 454 1718; x_wconf 85' lang='grc' dir='ltr'><strong><em>καλ</em></strong></span> <span class='ocrx_word' id='word_1_99' title='bbox 475 1665 544 1719; x_wconf 80' lang='grc' dir='ltr'><strong><em>τῶν</em></strong></span> <span class='ocrx_word' id='word_1_100' title='bbox 567 1653 756 1738; x_wconf 81' lang='grc' dir='ltr'><strong><em>ἐπιφανῶν,</em></strong></span> <span class='ocrx_word' id='word_1_101' title='bbox 785 1651 822 1718; x_wconf 82' lang='grc' dir='ltr'><strong><em>ἐν</em></strong></span> <span class='ocrx_word' id='word_1_102' title='bbox 846 1646 896 1730; x_wconf 87' lang='grc' dir='ltr'><strong><em>οἷς</em></strong></span> <span class='ocrx_word' id='word_1_103' title='bbox 918 1648 1007 1737; x_wconf 76' lang='grc' dir='ltr'><strong><em>ἦσαν</em></strong></span> <span class='ocrx_word' id='word_1_104' title='bbox 1026 1651 1155 1719; x_wconf 85' lang='grc' dir='ltr'><strong><em>Ἰούνιοί</em></strong></span> 
     </span>
     <span class='ocr_line' id='line_1_15' title="bbox 144 1759 1153 1847; baseline 0.003 -25"><span class='ocrx_word' id='word_1_105' title='bbox 144 1781 179 1822; x_wconf 88' lang='grc' dir='ltr'><strong><em>τε</em></strong></span> <span class='ocrx_word' id='word_1_106' title='bbox 208 1759 270 1825; x_wconf 91' lang='grc' dir='ltr'><strong><em>δύο</em></strong></span> <span class='ocrx_word' id='word_1_107' title='bbox 297 1763 393 1837; x_wconf 89' lang='grc' dir='ltr'><strong><em>Τίτος</em></strong></span> <span class='ocrx_word' id='word_1_108' title='bbox 420 1759 476 1836; x_wconf 82' lang='grc' dir='ltr'><strong><em>καὶ</em></strong></span> <span class='ocrx_word' id='word_1_109' title='bbox 504 1761 655 1845; x_wconf 80' lang='grc' dir='ltr'><strong><em>Τιβέριος</em></strong></span> <span class='ocrx_word' id='word_1_110' title='bbox 678 1761 977 1847; x_wconf 83' lang='grc' dir='ltr'><strong><em>Βρούτουπαϊδες</em></strong></span> <span class='ocrx_word' id='word_1_111' title='bbox 999 1768 1061 1826; x_wconf 86' lang='grc' dir='ltr'><strong><em>τοῦ</em></strong></span> <span class='ocrx_word' id='word_1_112' title='bbox 1083 1761 1153 1825; x_wconf 84' lang='grc' dir='ltr'><strong><em>ὑπα-</em></strong></span> 
     </span>
     <span class='ocr_line' id='line_1_16' title="bbox 109 1865 1154 1952; baseline -0.002 -20"><span class='ocrx_word' id='word_1_113' title='bbox 109 1865 302 1942; x_wconf 69' lang='grc' dir='ltr'><strong><em>ιετεύοντος</em></strong></span> <span class='ocrx_word' id='word_1_114' title='bbox 337 1865 457 1950; x_wconf 85' lang='grc' dir='ltr'><strong><em>ἀρτίως</em></strong></span> <span class='ocrx_word' id='word_1_115' title='bbox 489 1865 668 1952; x_wconf 79' lang='grc' dir='ltr'><strong><em>ἀρχόμενοι</em></strong></span> <span class='ocrx_word' id='word_1_116' title='bbox 701 1874 835 1951; x_wconf 81' lang='grc' dir='ltr'><strong><em>γενειᾶν</em></strong></span> <span class='ocrx_word' id='word_1_117' title='bbox 866 1865 921 1932; x_wconf 80' lang='grc' dir='ltr'><strong><em>καί</em></strong></span> <span class='ocrx_word' id='word_1_118' title='bbox 953 1869 1020 1932; x_wconf 80' lang='grc' dir='ltr'><strong><em>σὺν</em></strong></span> <span class='ocrx_word' id='word_1_119' title='bbox 1051 1867 1154 1942; x_wconf 82' lang='grc' dir='ltr'><strong><em>αὐτοῖς</em></strong></span> 
     </span>
     <span class='ocr_line' id='line_1_17' title="bbox 143 1967 1155 2060; baseline 0.002 -25"><span class='ocrx_word' id='word_1_120' title='bbox 143 1967 338 2037; x_wconf 78' lang='grc' dir='ltr'><strong><em>Ὀὐιτέλλιοί</em></strong></span> <span class='ocrx_word' id='word_1_121' title='bbox 363 1997 398 2038; x_wconf 88' lang='grc' dir='ltr'><strong><em>τε</em></strong></span> <span class='ocrx_word' id='word_1_122' title='bbox 426 1975 488 2039; x_wconf 92' lang='grc' dir='ltr'><strong><em>δύο</em></strong></span> <span class='ocrx_word' id='word_1_123' title='bbox 511 1975 654 2060; x_wconf 77' lang='grc' dir='ltr'><strong><em>Μάρκος</em></strong></span> <span class='ocrx_word' id='word_1_124' title='bbox 682 1971 737 2039; x_wconf 84' lang='grc' dir='ltr'><strong><em>καλ</em></strong></span> <span class='ocrx_word' id='word_1_125' title='bbox 760 1973 909 2056; x_wconf 80' lang='grc' dir='ltr'><strong><em>Μάνιος,</em></strong></span> <span class='ocrx_word' id='word_1_126' title='bbox 938 1971 1080 2057; x_wconf 77' lang='grc' dir='ltr'><strong><em>ἀδελφοὶ</em></strong></span> <span class='ocrx_word' id='word_1_127' title='bbox 1105 1982 1155 2055; x_wconf 78' lang='grc' dir='ltr'><strong><em>τῆς</em></strong></span> 
     </span>
     <span class='ocr_line' id='line_1_18' title="bbox 144 2077 1155 2165; baseline 0.003 -25"><span class='ocrx_word' id='word_1_128' title='bbox 144 2079 299 2163; x_wconf 86' lang='grc' dir='ltr'><strong><em>Βρούτου</em></strong></span> <span class='ocrx_word' id='word_1_129' title='bbox 321 2082 489 2162; x_wconf 76' lang='grc' dir='ltr'><strong><em>γυναικός,</em></strong></span> <span class='ocrx_word' id='word_1_130' title='bbox 515 2077 624 2144; x_wconf 82' lang='grc' dir='ltr'><strong><em>ίκανολ</em></strong></span> <span class='ocrx_word' id='word_1_131' title='bbox 647 2079 687 2143; x_wconf 89' lang='grc' dir='ltr'><strong><em>τδι</em></strong></span> <span class='ocrx_word' id='word_1_132' title='bbox 705 2079 983 2165; x_wconf 82' lang='grc' dir='ltr'><strong><em>κοινδπροίττειν,</em></strong></span> <span class='ocrx_word' id='word_1_133' title='bbox 1007 2077 1063 2144; x_wconf 80' lang='grc' dir='ltr'><strong><em>καὶ</em></strong></span> <span class='ocrx_word' id='word_1_134' title='bbox 1076 2082 1155 2144; x_wconf 83' lang='grc' dir='ltr'><strong><em>Κολ-</em></strong></span> 
     </span>
     <span class='ocr_line' id='line_1_19' title="bbox 142 2184 1154 2272; baseline 0.001 -23"><span class='ocrx_word' id='word_1_135' title='bbox 142 2187 286 2250; x_wconf 88' lang='grc' dir='ltr'><strong><em>λατίνου</em></strong></span> <span class='ocrx_word' id='word_1_136' title='bbox 307 2184 455 2272; x_wconf 77' lang='grc' dir='ltr'><strong><em>θατέρου</em></strong></span> <span class='ocrx_word' id='word_1_137' title='bbox 477 2197 546 2252; x_wconf 78' lang='grc' dir='ltr'><strong><em>τῶν</em></strong></span> <span class='ocrx_word' id='word_1_138' title='bbox 568 2186 706 2252; x_wconf 78' lang='grc' dir='ltr'><strong><em>ὑπάτων</em></strong></span> <span class='ocrx_word' id='word_1_139' title='bbox 729 2185 876 2270; x_wconf 80' lang='grc' dir='ltr'><strong><em>ἀδελφῆς</em></strong></span> <span class='ocrx_word' id='word_1_140' title='bbox 897 2184 968 2252; x_wconf 81' lang='grc' dir='ltr'><strong><em>υίολ</em></strong></span> <span class='ocrx_word' id='word_1_141' title='bbox 991 2187 1055 2252; x_wconf 91' lang='grc' dir='ltr'><strong><em>δύο</em></strong></span> <span class='ocrx_word' id='word_1_142' title='bbox 1076 2187 1154 2251; x_wconf 88' lang='grc' dir='ltr'><strong><em>Λεύ-</em></strong></span> 
     </span>
     <span class='ocr_line' id='line_1_20' title="bbox 143 2288 1155 2378; baseline 0 -21"><span class='ocrx_word' id='word_1_143' title='bbox 143 2314 215 2369; x_wconf 88' lang='grc' dir='ltr'><strong><em>κιος</em></strong></span> <span class='ocrx_word' id='word_1_144' title='bbox 246 2289 302 2358; x_wconf 83' lang='grc' dir='ltr'><strong><em>καὶ</em></strong></span> <span class='ocrx_word' id='word_1_145' title='bbox 334 2291 475 2378; x_wconf 78' lang='grc' dir='ltr'><strong><em>Μάρκος</em></strong></span> <span class='ocrx_word' id='word_1_146' title='bbox 503 2288 669 2357; x_wconf 81' lang='grc' dir='ltr'><strong><em>Ἀκύλλιοι</em></strong></span> <span class='ocrx_word' id='word_1_147' title='bbox 699 2293 763 2375; x_wconf 80' lang='grc' dir='ltr'><strong><em>τὴν</em></strong></span> <span class='ocrx_word' id='word_1_148' title='bbox 795 2292 901 2375; x_wconf 83' lang='grc' dir='ltr'><strong><em>αὐτην</em></strong></span> <span class='ocrx_word' id='word_1_149' title='bbox 932 2295 1064 2377; x_wconf 81' lang='grc' dir='ltr'><strong><em>ἔχοντες</em></strong></span> <span class='ocrx_word' id='word_1_150' title='bbox 1091 2303 1155 2367; x_wconf 79' lang='grc' dir='ltr'><strong><em>τοῖς</em></strong></span> 
     </span>
     <span class='ocr_line' id='line_1_21' title="bbox 110 2390 1155 2484; baseline -0.002 -22"><span class='ocrx_word' id='word_1_151' title='bbox 110 2399 302 2482; x_wconf 68' lang='grc' dir='ltr'><strong><em>νοΒρούτου</em></strong></span> <span class='ocrx_word' id='word_1_152' title='bbox 324 2397 440 2464; x_wconf 83' lang='grc' dir='ltr'><strong><em>παισὶν</em></strong></span> <span class='ocrx_word' id='word_1_153' title='bbox 458 2399 601 2482; x_wconf 79' lang='grc' dir='ltr'><strong><em>ἡλικίαν,</em></strong></span> <span class='ocrx_word' id='word_1_154' title='bbox 624 2393 701 2484; x_wconf 89' lang='grc' dir='ltr'><strong><em>παρ’</em></strong></span> <span class='ocrx_word' id='word_1_155' title='bbox 720 2390 770 2475; x_wconf 80' lang='grc' dir='ltr'><strong><em>οἷς</em></strong></span> <span class='ocrx_word' id='word_1_156' title='bbox 787 2400 825 2464; x_wconf 86' lang='grc' dir='ltr'><strong><em>αλ</em></strong></span> <span class='ocrx_word' id='word_1_157' title='bbox 840 2399 981 2464; x_wconf 88' lang='grc' dir='ltr'><strong><em>σύνοδοι</em></strong></span> <span class='ocrx_word' id='word_1_158' title='bbox 1000 2399 1155 2464; x_wconf 81' lang='grc' dir='ltr'><strong><em>τὰπολλὰ</em></strong></span> 
     </span>
     <span class='ocr_line' id='line_1_22' title="bbox 147 2502 1154 2592; baseline -0.002 -23"><span class='ocrx_word' id='word_1_159' title='bbox 147 2503 298 2588; x_wconf 82' lang='grc' dir='ltr'><strong><em>ἐγίνοντο</em></strong></span> <span class='ocrx_word' id='word_1_160' title='bbox 326 2507 449 2592; x_wconf 87' lang='grc' dir='ltr'><strong><em>πατρὸς</em></strong></span> <span class='ocrx_word' id='word_1_161' title='bbox 477 2505 587 2572; x_wconf 84' lang='grc' dir='ltr'><strong><em>ούκέτι</em></strong></span> <span class='ocrx_word' id='word_1_162' title='bbox 614 2509 788 2592; x_wconf 87' lang='grc' dir='ltr'><strong><em>περιόντος</em></strong></span> <span class='ocrx_word' id='word_1_163' title='bbox 811 2505 925 2582; x_wconf 75' lang='grc' dir='ltr'><strong><em>αὐτοῖς</em></strong></span> <span class='ocrx_word' id='word_1_164' title='bbox 947 2503 1003 2570; x_wconf 84' lang='grc' dir='ltr'><strong><em>καὶ</em></strong></span> <span class='ocrx_word' id='word_1_165' title='bbox 1025 2507 1065 2570; x_wconf 83' lang='grc' dir='ltr'><strong><em>τὰ</em></strong></span> <span class='ocrx_word' id='word_1_166' title='bbox 1083 2502 1154 2588; x_wconf 79' lang='grc' dir='ltr'><strong><em>περὶ</em></strong></span> 
     </span>
     <span class='ocr_line' id='line_1_23' title="bbox 146 2612 1120 2698; baseline 0.001 -24"><span class='ocrx_word' id='word_1_167' title='bbox 146 2618 205 2693; x_wconf 79' lang='grc' dir='ltr'><strong><em>της</em></strong></span> <span class='ocrx_word' id='word_1_168' title='bbox 227 2612 380 2676; x_wconf 76' lang='grc' dir='ltr'><strong><em>καθόδου</em></strong></span> <span class='ocrx_word' id='word_1_169' title='bbox 403 2622 471 2677; x_wconf 80' lang='grc' dir='ltr'><strong><em>τῶν</em></strong></span> <span class='ocrx_word' id='word_1_170' title='bbox 493 2613 670 2698; x_wconf 77' lang='grc' dir='ltr'><strong><em>τυράννων</em></strong></span> <span class='ocrx_word' id='word_1_171' title='bbox 693 2613 904 2696; x_wconf 82' lang='grc' dir='ltr'><strong><em>βουλεύματα</em></strong></span> <span class='ocrx_word' id='word_1_172' title='bbox 923 2615 1120 2683; x_wconf 78' lang='grc' dir='ltr'><strong><em>συνετίθετο.</em></strong></span> 
     </span>
     <span class='ocr_line' id='line_1_24' title="bbox 213 2732 1181 2822; baseline -0.005 -23"><span class='ocrx_word' id='word_1_173' title='bbox 213 2733 289 2800; x_wconf 87' lang='lat' dir='ltr'>VII.</span> <span class='ocrx_word' id='word_1_174' title='bbox 309 2733 365 2801; x_wconf 76' lang='grc' dir='ltr'><strong><em>Ἐκ</em></strong></span> <span class='ocrx_word' id='word_1_175' title='bbox 387 2741 521 2802; x_wconf 81' lang='grc' dir='ltr'><strong><em>πολλῶν</em></strong></span> <span class='ocrx_word' id='word_1_176' title='bbox 544 2734 605 2822; x_wconf 76' lang='grc' dir='ltr'><strong><em>μὲν</em></strong></span> <span class='ocrx_word' id='word_1_177' title='bbox 628 2732 692 2802; x_wconf 83' lang='grc' dir='ltr'><strong><em>οὖν</em></strong></span> <span class='ocrx_word' id='word_1_178' title='bbox 714 2735 769 2802; x_wconf 83' lang='grc' dir='ltr'><strong><em>καὶ</em></strong></span> <span class='ocrx_word' id='word_1_179' title='bbox 793 2738 904 2802; x_wconf 80' lang='grc' dir='ltr'><strong><em>ἄλλων</em></strong></span> <span class='ocrx_word' id='word_1_180' title='bbox 927 2734 1023 2814; x_wconf 80' lang='grc' dir='ltr'><strong><em>ἔδοξέ</em></strong></span> <span class='ocrx_word' id='word_1_181' title='bbox 1043 2759 1095 2820; x_wconf 92' lang='grc' dir='ltr'><strong><em>μοι</em></strong></span> <span class='ocrx_word' id='word_1_182' title='bbox 1114 2736 1181 2798; x_wconf 73' lang='grc' dir='ltr'><strong><em>τδεο</em></strong></span> 
     </span>
     <span class='ocr_line' id='line_1_25' title="bbox 141 2837 1153 2930; baseline -0.001 -23"><span class='ocrx_word' id='word_1_183' title='bbox 141 2837 311 2927; x_wconf 86' lang='grc' dir='ltr'><strong><em>Ῥωμαίων</em></strong></span> <span class='ocrx_word' id='word_1_184' title='bbox 339 2843 514 2928; x_wconf 78' lang='grc' dir='ltr'><strong><em>πράγματα</em></strong></span> <span class='ocrx_word' id='word_1_185' title='bbox 540 2847 683 2930; x_wconf 75' lang='grc' dir='ltr'><strong><em>προνοίᾳ</em></strong></span> <span class='ocrx_word' id='word_1_186' title='bbox 707 2849 801 2908; x_wconf 83' lang='grc' dir='ltr'><strong><em>θεῶν</em></strong></span> <span class='ocrx_word' id='word_1_187' title='bbox 824 2845 871 2920; x_wconf 90' lang='grc' dir='ltr'><strong><em>είς</em></strong></span> <span class='ocrx_word' id='word_1_188' title='bbox 892 2844 1059 2928; x_wconf 87' lang='grc' dir='ltr'><strong><em>τοσαύτην</em></strong></span> <span class='ocrx_word' id='word_1_189' title='bbox 1078 2863 1153 2926; x_wconf 86' lang='grc' dir='ltr'><strong><em>προ-</em></strong></span> 
     </span>
     <span class='ocr_line' id='line_1_26' title="bbox 110 2945 1152 3058; baseline -0.004 -44"><span class='ocrx_word' id='word_1_190' title='bbox 110 2955 262 3014; x_wconf 62' lang='lat' dir='ltr'><strong><em>mmm</em></strong></span> <span class='ocrx_word' id='word_1_191' title='bbox 289 2948 521 3058; x_wconf 87' lang='grc' dir='ltr'><strong><em>εὐδαιμονίαν,</em></strong></span> <span class='ocrx_word' id='word_1_192' title='bbox 554 2950 759 3049; x_wconf 38' lang='grc' dir='ltr'><strong><em>ούμῆκιστα</em></strong></span> <span class='ocrx_word' id='word_1_193' title='bbox 787 2945 825 3015; x_wconf 72' lang='grc' dir='ltr'><strong><em>δὲ</em></strong></span> <span class='ocrx_word' id='word_1_194' title='bbox 851 2948 907 3015; x_wconf 78' lang='grc' dir='ltr'><strong><em>καί</em></strong></span> <span class='ocrx_word' id='word_1_195' title='bbox 935 2949 971 3015; x_wconf 77' lang='grc' dir='ltr'><strong><em>ἐκ</em></strong></span> <span class='ocrx_word' id='word_1_196' title='bbox 998 2961 1065 3016; x_wconf 83' lang='grc' dir='ltr'><strong><em>τῶν</em></strong></span> <span class='ocrx_word' id='word_1_197' title='bbox 1084 2950 1152 3013; x_wconf 89' lang='grc' dir='ltr'><strong><em>τότε</em></strong></span> 
     </span>
    </p>
   </div>
   <div class='ocr_carea' id='block_1_3' title="bbox 214 3192 1150 3321">
    <p class='ocr_par' dir='ltr' id='par_1_3' title="bbox 214 3192 1150 3321">
     <span class='ocr_line' id='line_1_27' title="bbox 214 3192 1150 3321; baseline -0.002 -73"><span class='ocrx_word' id='word_1_198' title='bbox 214 3194 470 3248; x_wconf 70' lang='grc' dir='ltr'><strong><em>3*ἀπεδίδουνο</em></strong></span> <span class='ocrx_word' id='word_1_199' title='bbox 525 3193 750 3321; x_wconf 39' lang='grc' dir='ltr'><strong><em>θηρήματαέ1</em></strong></span> <span class='ocrx_word' id='word_1_200' title='bbox 721 3217 757 3250; x_wconf 89' lang='grc' dir='ltr'><strong><em>τα</em></strong></span> <span class='ocrx_word' id='word_1_201' title='bbox 780 3194 926 3266; x_wconf 78' lang='grc' dir='ltr'><strong><em>χρηστὰΒ</em></strong></span> <span class='ocrx_word' id='word_1_202' title='bbox 979 3203 1012 3250; x_wconf 88' lang='grc'><strong><em>14</em></strong></span> <span class='ocrx_word' id='word_1_203' title='bbox 1030 3204 1077 3250; x_wconf 81' lang='grc' dir='ltr'><strong><em>τοῦ</em></strong></span> <span class='ocrx_word' id='word_1_204' title='bbox 1092 3192 1150 3248; x_wconf 83' lang='grc' dir='ltr'><strong><em>τότε</em></strong></span> 
     </span>
    </p>
   </div>
   <div class='ocr_carea' id='block_1_4' title="bbox 144 3263 1152 3325">
    <p class='ocr_par' dir='ltr' id='par_1_4' title="bbox 144 3263 1152 3325">
     <span class='ocr_line' id='line_1_28' title="bbox 144 3263 1152 3325; baseline 0.006 -13"><span class='ocrx_word' id='word_1_205' title='bbox 144 3263 332 3325; x_wconf 75' lang='grc' dir='ltr'><strong><em>ὑπατεύοντος</em></strong></span> <span class='ocrx_word' id='word_1_206' title='bbox 345 3264 371 3316; x_wconf 83' lang='grc' dir='ltr'><strong>Α</strong></span> <span class='ocrx_word' id='word_1_207' title='bbox 421 3269 454 3318; x_wconf 74' lang='grc'><strong><em>15</em></strong></span> <span class='ocrx_word' id='word_1_208' title='bbox 469 3264 680 3321; x_wconf 78' lang='grc' dir='ltr'><strong><em>αύτοισιτέλλιοι</em></strong></span> <span class='ocrx_word' id='word_1_209' title='bbox 763 3267 872 3322; x_wconf 81' lang='grc' dir='ltr'><strong><em>αύτοῖσ.</em></strong></span> <span class='ocrx_word' id='word_1_210' title='bbox 878 3272 979 3322; x_wconf 90' lang='grc' dir='ltr'><strong><em>τελλιοι</em></strong></span> <span class='ocrx_word' id='word_1_211' title='bbox 990 3267 1036 3320; x_wconf 93' lang='lat' dir='ltr'><strong><em>Bb</em></strong></span> <span class='ocrx_word' id='word_1_212' title='bbox 1061 3267 1152 3320; x_wconf 81' lang='grc' dir='ltr'><strong><em>αότοισ</em></strong></span> 
     </span>
    </p>
   </div>
   <div class='ocr_carea' id='block_1_5' title="bbox 146 3328 1151 3403">
    <p class='ocr_par' dir='ltr' id='par_1_5' title="bbox 146 3328 1151 3403">
     <span class='ocr_line' id='line_1_29' title="bbox 146 3328 1151 3403; baseline 0.009 -22"><span class='ocrx_word' id='word_1_213' title='bbox 146 3328 255 3384; x_wconf 80' lang='grc' dir='ltr'><strong><em>Γέλλιοι</em></strong></span> <span class='ocrx_word' id='word_1_214' title='bbox 272 3333 298 3384; x_wconf 82' lang='grc' dir='ltr'><strong>Α</strong></span> <span class='ocrx_word' id='word_1_215' title='bbox 322 3333 442 3386; x_wconf 76' lang='lat' dir='ltr'><strong>correxit</strong></span> <span class='ocrx_word' id='word_1_216' title='bbox 460 3334 592 3403; x_wconf 83' lang='lat' dir='ltr'>Sigonius</span> <span class='ocrx_word' id='word_1_217' title='bbox 685 3344 717 3390; x_wconf 83' lang='lat'><strong><em>19</em></strong></span> <span class='ocrx_word' id='word_1_218' title='bbox 733 3335 865 3391; x_wconf 72' lang='grc' dir='ltr'><strong><em>Ἀκύλλιοι</em></strong></span> <span class='ocrx_word' id='word_1_219' title='bbox 884 3337 930 3390; x_wconf 90' lang='lat' dir='ltr'><strong><em>Bb</em></strong></span> <span class='ocrx_word' id='word_1_220' title='bbox 965 3335 1089 3392; x_wconf 80' lang='grc' dir='ltr'><strong><em>Ἀκυίλιοι</em></strong></span> <span class='ocrx_word' id='word_1_221' title='bbox 1103 3334 1151 3386; x_wconf 76' lang='lat' dir='ltr'><strong><em>Ba</em></strong></span> 
     </span>
    </p>
   </div>
   <div class='ocr_carea' id='block_1_6' title="bbox 143 3395 1151 3552">
    <p class='ocr_par' dir='ltr' id='par_1_6' title="bbox 143 3395 1151 3544">
     <span class='ocr_line' id='line_1_30' title="bbox 143 3395 1151 3476; baseline 0.007 -25.021"><span class='ocrx_word' id='word_1_222' title='bbox 143 3395 278 3463; x_wconf 78' lang='grc' dir='ltr'><strong><em>Ἀκυήλιοι</em></strong></span> <span class='ocrx_word' id='word_1_223' title='bbox 295 3400 321 3452; x_wconf 82' lang='grc' dir='ltr'><strong>Α</strong></span> <span class='ocrx_word' id='word_1_224' title='bbox 392 3409 426 3456; x_wconf 75' lang='lat'><strong><em>22</em></strong></span> <span class='ocrx_word' id='word_1_225' title='bbox 446 3408 626 3460; x_wconf 71' lang='grc' dir='ltr'><strong><em>συνετίθεντο</em></strong></span> <span class='ocrx_word' id='word_1_226' title='bbox 646 3407 668 3460; x_wconf 90' lang='lat'>0</span> <span class='ocrx_word' id='word_1_227' title='bbox 688 3423 758 3461; x_wconf 84' lang='lat' dir='ltr'>corr</span> <span class='ocrx_word' id='word_1_228' title='bbox 778 3406 867 3461; x_wconf 75' lang='lat' dir='ltr'>Cobet</span> <span class='ocrx_word' id='word_1_229' title='bbox 885 3407 999 3476; x_wconf 61' lang='grc' dir='ltr'><strong><em>Θόας).</em></strong></span> <span class='ocrx_word' id='word_1_230' title='bbox 1115 3413 1151 3459; x_wconf 79' lang='grc'><strong><em>24</em></strong></span> 
     </span>
     <span class='ocr_line' id='line_1_31' title="bbox 146 3414 1053 3552; baseline 0.017 -34"><span class='ocrx_word' id='word_1_231' title='bbox 146 3469 339 3552; x_wconf 83' lang='grc' dir='ltr'><strong><em>προελθεινΒ</em></strong></span> <span class='ocrx_word' id='word_1_232' title='bbox 375 3478 547 3540; x_wconf 74' lang='grc' dir='ltr'><strong><em>παρελθεῖν</em></strong></span> <span class='ocrx_word' id='word_1_233' title='bbox 565 3474 658 3544; x_wconf 69' lang='grc' dir='ltr'><strong><em>ΑΙδλ</em></strong></span> <span class='ocrx_word' id='word_1_234' title='bbox 677 3477 726 3530; x_wconf 82' lang='grc' dir='ltr'><strong><em>καὶ</em></strong></span> <span class='ocrx_word' id='word_1_235' title='bbox 745 3474 818 3532; x_wconf 79' lang='grc' dir='ltr'><strong><em>ἐκΒ</em></strong></span> <span class='ocrx_word' id='word_1_236' title='bbox 854 3476 885 3532; x_wconf 68' lang='grc' dir='ltr'><strong><em>δὲ</em></strong></span> <span class='ocrx_word' id='word_1_237' title='bbox 907 3414 1053 3533; x_wconf 69' lang='grc' dir='ltr'><strong><em>ἒκΙλ94</em></strong></span> 
     </span>
    </p>
   </div>
   <div class='ocr_carea' id='block_1_7' title="bbox 0 0 1214 3908">
    <p class='ocr_par' dir='ltr' id='par_1_7' title="bbox 0 0 1214 3908">
     <span class='ocr_line' id='line_1_32' title="bbox 0 0 1214 3908; baseline 0 0"><span class='ocrx_word' id='word_1_238' title='bbox 0 0 1214 3908; x_wconf 95' lang='lat' dir='ltr'><strong><em> </em></strong></span> 
     </span>
    </p>
   </div>
  </div>
 </body>
</html>
