2400 3912
149 205 193 272 46
578 208 743 257 -A-

151 368 291 452 ἀπάτας,
323 368 384 434 ούκ
411 369 549 452 άληθείς
576 368 654 451 βίον
682 363 737 433 καὶ
765 367 968 454 πραγμάτων
997 365 1148 450 ὠφελείας,

152 474 185 553 έξ
211 469 259 540 ὧν
283 473 484 560 μακαρισμοὶ
503 485 575 552 τοῖς
592 471 935 558 κατασκευασαμένοις
953 473 1149 556 ἠκολούθουν

151 585 267 666 μόνον,
292 581 430 647 ἐπαίνου
454 579 491 647 δὲ
514 578 569 646 καί
589 583 688 664 ζήλου
707 580 782 659 άξια
800 582 841 645 τά
858 589 916 664 τής
934 604 1069 665 γνομης
1087 583 1149 666 ἔργα

149 687 340 772 ὑπολαβών,
364 683 402 772 ἠς
420 689 573 753 πλεῖστοί
586 682 619 752 τ’
641 686 849 752 ἀπολαύουσι
867 685 923 751 καὶ
940 684 993 752 ἐπὶ
1007 690 1149 770 μήκιστον

118 816 131 857 ο
149 797 274 879 χρόνον
292 803 499 879 καρποῦνται
516 796 574 871 τάς
592 792 769 878 ὠφελείας,
790 794 925 858 πάντων
945 795 1086 878 μάλιστα
1099 805 1177 858 τῶνιιι

148 901 311 965 τοιούτων
339 903 447 984 ἔργων
474 901 536 984 τήν
562 895 803 985 Ἀμφικτύονος
829 909 891 966 τού
909 899 1072 984 Ἕλληνος
1099 901 1150 966 έπί-

148 1028 246 1070 νοιαν
270 1005 419 1090 ἠγάσθη,
452 1006 488 1084 ὃς
511 1003 653 1084 ἀσθενὲς
676 1007 765 1093 ὁρῶν
787 1004 843 1071 καὶ
867 1004 988 1094 ῥᾴδιον
1011 1007 1076 1072 ὑπὸ
1099 1017 1150 1072 τῶν

147 1113 410 1197 περιοικούντων
434 1114 614 1199 βαρβάρων
638 1113 892 1197 ἐξαναλωθῆναι
914 1115 951 1178 τὸ
970 1109 1151 1197 Ἑλληνικὸν

148 1215 260 1302 γένος,
289 1221 336 1296 είς
362 1220 424 1302 τήν
453 1214 503 1284 ἐπ’
528 1219 659 1286 ἐκείνου
682 1225 866 1304 κληθεῖσαν
886 1216 1151 1304 Ἀμφικτυονικὴν

114 1346 139 1384 10
149 1326 297 1391 σύνοδον
320 1323 375 1391 καί
398 1329 588 1411 πανήγυριν
612 1327 694 1392 αὐτὸ
718 1330 897 1411 σννήγαγε,
920 1330 1049 1412 νόμους
1068 1350 1151 1391 κατα-

149 1433 354 1517 στησάμενος
377 1432 438 1512 ἔξω
461 1444 529 1498 τῶν
550 1435 657 1516 ίδίων,
681 1429 729 1500 ὧν
744 1432 863 1517 ἑκάστη
878 1437 973 1511 πόλις
988 1429 1064 1518 εἶχε,
1089 1436 1151 1508 τοὺς

147 1542 283 1616 κοινοὺς
306 1541 438 1623 άπασιν,
463 1539 522 1616 οδς
544 1545 705 1606 καλοῦσιν
723 1537 1037 1626 Ἀμφικτυονικούς,
1061 1541 1094 1619 ἐξ
1116 1535 1152 1604 ὧν

120 1651 122 1654 ’
148 1649 242 1729 φίλοι
270 1643 332 1730 μὲν
360 1646 453 1722 ὄντες
481 1645 637 1729 άλλήλοις
664 1645 835 1712 διετέλουν
862 1646 918 1712 καὶ
944 1647 981 1712 τὸ
1005 1644 1152 1731 συγγενές

14 1772 32 1811 5
148 1751 372 1834 φυλάττοντες
394 1757 521 1835 μᾶλλον
544 1755 654 1837 έργοις
676 1752 697 1836 ἠ
721 1756 845 1850 λόγοις,
868 1752 1013 1839 λυπηροὶ
1036 1751 1074 1819 δὲ
1097 1764 1152 1830 τοῖς

111 1825 329 1951 ὲβαρβάροις
360 1855 415 1922 καὶ
444 1861 592 1944 φοβεροί.
633 1856 711 1944 παρ’
738 1854 779 1923 οὗ
807 1861 844 1924 τὸ
872 1860 1082 1947 παράδειγμα
1107 1866 1152 1924 λα-

147 1965 264 2046 βόντες
281 1961 396 2040 Ἴωνές
425 1959 461 2029 θ’
489 1965 524 2029 οί
549 1964 768 2050 μεταθέμενοι
794 1967 856 2049 τὴν
885 1972 1016 2051 οίκησιν
1045 1965 1082 2032 ἐκ
1107 1975 1153 2048 τής

147 2069 313 2153 Εὐρώπης
336 2070 382 2146 είς
403 2071 444 2134 τά
462 2071 713 2156 παραθαλάττια
732 2081 790 2156 τής
803 2075 932 2158 Καρίας
950 2071 1006 2138 καὶ
1020 2080 1153 2158 Δωριεῖς

148 2175 183 2240 οί
212 2173 288 2262 περὶ
321 2178 397 2252 τοὺς
429 2175 552 2254 αὐτοὺς
578 2180 700 2254 τόπους
726 2181 785 2256 τάς
810 2182 923 2256 πόλεις
947 2180 1154 2265 ἱδρυσάμενοι

148 2283 219 2366 ιἐρά
249 2283 495 2348 κατεσκεύασαν
527 2282 591 2349 άπὸ
620 2293 744 2349 κοινῶν
772 2284 1012 2369 ἀναλωμάτων·
1049 2286 1155 2360 Ἴωνες

111 2409 137 2448 20
147 2386 208 2472 μὲν
242 2389 278 2454 ἐν
307 2386 435 2476 Ἐφέσῳ
466 2390 505 2453 τὸ
537 2398 595 2472 τῆς
628 2384 830 2475 Ἀρτέμιδος,
863 2397 1009 2477 Δωριεῖς
1041 2390 1075 2457 δ’
1110 2390 1187 2457 ἐπὶτοι

151 2498 297 2580 Τριοπίφ
320 2495 358 2558 τὸ
381 2502 442 2558 τοῦ
462 2491 682 2572 Ἀπόλλωνος·
707 2499 792 2562 ἔνθα
815 2501 988 2576 συνιέντες
1008 2497 1155 2582 γυναιξὶν

221 2693 234 2739 1
255 2683 295 2748 είς
314 2687 391 2757 βίους
410 2684 433 2739 Ο
471 2686 521 2740 ούκ
545 2688 663 2755 ἀληθεῖς
685 2689 748 2760 βίον
767 2689 816 2743 καὶ
834 2689 1005 2760 πραγμάτων
1026 2693 1156 2762 ὠφελείας

147 2755 193 2809 vel
212 2757 263 2810 ούκ
284 2755 323 2818 είς
342 2758 405 2828 βίου
424 2756 473 2811 καλ
490 2757 662 2827 πραγμάτων
682 2761 848 2830 διαχείρισιν
868 2761 1005 2830 ὠφελείας
1020 2780 1043 2818 c.
1058 2763 1155 2817 Reiske

146 2825 257 2891 ἀπάτας
284 2828 334 2881 καλ
359 2829 410 2882 ούκ
434 2826 474 2890 είς
497 2829 574 2900 βίους
599 2829 648 2883 καλ
670 2827 813 2900 πράγματ’
830 2832 968 2900 ὠφελείας
991 2851 1014 2888 ο.
1036 2833 1155 2888 Schmitz

145 2917 172 2969 p.
193 2905 226 2953 22
265 2900 316 2953 ούκ
336 2897 518 2968 είςφερούσας
532 2901 594 2972 βίον
608 2900 658 2955 καὶ
671 2901 842 2972 πραγμάτων
857 2904 995 2972 ὠφελείας
1009 2922 1032 2960 ο.
1047 2905 1156 2959 Fischer

145 2989 172 3040 p.
189 2977 220 3024 12
259 2967 299 3032 είς
318 2971 381 3042 βίου
400 2969 448 3051 καὶ
466 2969 637 3051 πραγμάτων
657 2973 794 3042 ὠφελείας
811 2991 834 3029 ο.
855 2974 1016 3044 Stephanus
1076 2973 1156 3045 3μό-

144 3039 867 3182 ssfflv'ssfivss‘z‘Jzafffffflffilvfiffiffssssz{⁰303ss
880 3041 999 3184 ἒίξῗῖἴῗ
1016 3045 1155 3173 ffie‘fflb

144 3185 324 3252 ἠκολούθουν
347 3182 435 3256 μόνον
453 3154 585 3239 έπαίνου·
615 3185 697 3254 ζήλου
708 3137 834 3254 ’δέηάξια
853 3205 876 3244 ο.
895 3163 1035 3244 Βθολιολθτ
1058 3185 1098 3254 ’ἐξ
1118 3134 1156 3242 ὧή

145 3257 316 3326 μακαρισμοὶ
334 3255 385 3326 μέν
397 3256 620 3324 -ἠκολούθουν
640 3256 752 3313 ἔπαινοι
766 3257 794 3314 δ’
811 3260 844 3314 ού
864 3277 887 3314 ο.
903 3259 993 3314 Cobet
1007 3260 1072 3316 Obs.
1086 3278 1109 3328 p.
1122 3267 1153 3314 81

145 3321 264 3380 ἐπαίνου
284 3324 315 3380 δέ
334 3326 383 3380 καὶ
402 3325 484 3393 ζήλου
502 3329 589 3396 vulgo
653 3325 734 3397 4’ἠς]
753 3325 792 3385 ὧν
811 3347 833 3384 ο.
852 3331 957 3386 Reiske
1021 3328 1154 3404 θηρίνου

145 3394 168 3446 Β
233 3401 266 3447 14
286 3401 389 3463 μᾶλλον
409 3395 500 3464 ἔργοις
518 3398 540 3450 Ο
559 3400 672 3464 praeter
690 3399 736 3451 Bb
798 3407 830 3454 17
850 3402 1070 3470 παραθαλάττια
1087 3398 1154 3472 μέρη

147 3462 340 3530 OpraeterB
413 3472 447 3518 20
467 3462 513 3518 ἐπὶ
530 3469 634 3539 τροπίηο
652 3468 678 3520 Α
