2394 3912
462 223 623 276 ..ς-

44 385 144 468 δευμα
168 395 238 450 τῶν
262 383 499 470 ἀνθρωπίνων,
523 380 601 468 μηδ’
623 385 716 469 ὑμεῖς
740 382 931 467 ἀνάσχησθε
950 382 1055 448 αὐτοῦ

42 488 196 573 λέγοντος
228 489 376 556 ἀνοσίων
409 488 464 555 καὶ
495 501 704 577 τυραννικῶν
734 490 927 575 ἀνθρώπων
952 511 1055 574 πονη-

42 597 195 682 ρεύματα,
220 596 240 660 δ
263 607 322 681 τῆς
339 596 508 682 Ῥωμαίων
531 597 648 683 ἀρετῆς
669 599 756 662 πολὺ
779 594 898 680 ἀπέχει.

104 703 271 768 LXXXV.
303 706 399 770 Μίαν
427 703 530 770 είπδου
557 707 605 768 ἔτι
632 703 693 786 τὴν
721 703 797 769 οὔτε
821 698 1055 787 ἀγνοουμένην

42 806 93 874 ὑπ’
121 809 263 886 οὐδενὸς
294 809 487 895 ἀνθρώπων
517 809 593 874 οὔτε
623 806 943 893 ἀμφισβητουμένην
971 809 1081 873 ποιά-ε

42 931 146 1001 σομαι.
184 919 236 991 τίς
260 909 291 979 δ’
313 912 404 980 ἐστὶν
427 915 528 999 αὕτης
552 914 572 998 ἡ
595 916 632 981 τὸ
655 917 772 980 κοινὸν
795 912 970 1000 συμφέρον
988 916 1055 980 είσ-

43 1021 168 1105 ἀγουσα
195 1019 252 1086 καὶ
281 1019 327 1086 δι’
354 1020 508 1104 ἀλλήλων
531 1021 703 1107 ἀμφότερα
724 1030 868 1086 ποιοῦσα
891 1021 1055 1099 σώζεσθαι

41 1129 77 1192 τὰ
108 1126 204 1214 μέρη.
252 1128 335 1211 αὕτη
368 1125 481 1212 μέντοι
512 1128 626 1213 πρώτη
656 1124 712 1192 καὶ
740 1129 825 1211 μόνη
855 1125 992 1211 συνάγει
1021 1149 1055 1191 τε

41 1232 121 1316 ἡμᾶς
153 1236 203 1312 είς
232 1237 270 1300 τὸ
303 1234 384 1299 αὐτὸ
416 1231 471 1298 καὶ
499 1233 560 1298 οδιι
589 1233 678 1300 ἐάσει
705 1231 784 1298 ποτὲ
811 1231 875 1317 δίχ’
903 1233 1056 1318 ἀλλήλων

42 1339 208 1422 γενέσθαι.
256 1342 408 1424 δεήσεται
439 1341 502 1425 γάρ
536 1337 587 1404 ἀεὶ
619 1337 674 1404 καὶ
707 1338 866 1405 οὐδέποτε
895 1340 1056 1404 παύσεται
1070 1358 1096 1398 ιο

7 1448 204 1531 ιόοδεόμενον
226 1448 264 1512 τὸ
288 1444 350 1531 μὲν
373 1443 501 1531 ἀμαθές
524 1451 654 1530 πλῆθος
677 1448 844 1532 ἔμφρονος
866 1445 1056 1529 ἡγεμονίας,

42 1555 75 1617 τὸ
99 1549 130 1618 δ’
152 1553 314 1637 ἡγεῖσθαι
338 1552 529 1637 δυνάμενον
547 1554 789 1637 βουλευτήριον
807 1562 875 1616 τῶν
894 1551 1057 1635 ἀρχεσθαι

44 1658 260 1746 βουλομένων
294 1659 417 1743 όχλων·
453 1656 509 1722 καί
538 1658 578 1722 οὐ
607 1657 686 1744 δόξη
716 1661 822 1742 μόνον
849 1654 938 1723 τοῦτ’
971 1657 1057 1722 είκά-

44 1783 167 1850 σαντες,
193 1766 276 1831 ἀλλά
299 1763 354 1830 καὶ
377 1767 463 1851 έργφ
487 1764 704 1849 πειραθέντες
727 1771 830 1849 ίσμεν.
868 1768 903 1829 τί
922 1757 985 1829 οὖν
1005 1764 1092 1829 M

45 1873 222 1958 διττόμεθα
254 1869 309 1938 καὶ
341 1871 515 1958 πράγματα
541 1869 728 1958 παρέχομεν
756 1871 924 1956 ἀλληλοιςς
958 1873 993 1936 τί
1020 1867 1056 1936 δὲ
1071 1887 1096 1928 1⁵

44 1983 161 2063 λόγους
185 1980 355 2065 πονηροὺς
377 1976 517 2062 λέγομεν
534 1979 659 2062 χρηστδι
677 1979 851 2062 πράγματα
871 1980 1002 2061 ἔχοντες
1020 1976 1057 2042 ἐν

44 2089 171 2172 χερσίν,
203 2083 275 2151 ἀλλ’
303 2085 364 2150 οὐκ
392 2083 636 2162 ἀναπτύξαντες
663 2083 786 2160 αὑτοὺς
813 2081 868 2148 καὶ
895 2084 940 2147 τὼ
969 2094 1057 2167 χεῖρε

45 2194 299 2279 περιβάλλοντες
332 2191 487 2274 ἀλλήλοις
516 2191 636 2274 ἀπιμεν
665 2191 712 2266 είς
738 2190 800 2273 τὴν
826 2190 970 2275 πατρίδα
997 2210 1057 2253 πα-
1117 2200 1121 2226 ¹

45 2301 139 2365 λαιὰν
168 2297 288 2384 τέρψιν
314 2309 382 2364 τῶν
409 2297 556 2380 ἡδίστων
583 2293 637 2362 καὶ
665 2299 777 2362 πόθον
800 2295 956 2361 ἁπάντων
978 2299 1057 2378 γλυ-

44 2406 186 2472 κύτατον
224 2405 489 2489 ἀποληψόμενοι,
527 2399 598 2470 ἀλλ’
630 2402 844 2489 ἐπιζητοῦμεν
874 2401 1057 2488 ἀσφαλείας
1071 2419 1098 2460 20

46 2510 224 2597 ἀγενητους
247 2509 303 2576 καί
326 2514 450 2588 πίστεις
473 2510 642 2594 ἀπίστους,
666 2511 776 2596 ὥσπερ
801 2509 836 2575 οί
856 2510 1057 2594 πολεμιώτα-

44 2640 93 2682 τοι
115 2617 172 2684 ιιαὶ
195 2620 303 2684 πάντα
326 2617 568 2694 ὑποπτεύοντες
591 2615 644 2682 ἐπὶ
667 2619 704 2682 τὸ
728 2627 849 2702 χεῖρον.
886 2615 966 2701 ἡμῖν
985 2614 1057 2699 μέν,

46 2719 70 2788 ὦ
93 2727 251 2811 δημόται,
279 2733 349 2800 τοῖς
372 2723 407 2788 έκ
430 2733 491 2789 τοῦ
514 2725 693 2809 συνεδρίου
716 2728 774 2808 μία
797 2726 905 2800 πίστις
929 2721 1057 2807 ἀπόχρη

46 2829 117 2917 περὶ
149 2840 210 2908 τοῦ
243 2830 286 2916 μη
317 2830 360 2896 ἀν
390 2851 469 2894 ποτε
496 2829 580 2914 ὑμᾶς
607 2827 766 2913 γενέσθαι
793 2831 869 2913 περί
896 2829 996 2914 ἡμᾶς,
1029 2829 1061 2892 εί

46 2936 246 3019 κατέλθοιτε,
270 2939 392 3012 κακοὺς
414 2937 540 3022 τροφάς
561 2958 596 3001 τε
617 2936 711 3021 ὑμῶν
729 2935 860 3020 ἀγαθάς
878 2937 985 3001 είδόσι
1002 2932 1058 3000 καὶ
1072 2951 1098 2992 2⁵

115 3065 130 3113 1
150 3054 232 3130 μηδ’]
252 3053 324 3129 μήθ’
340 3074 363 3111 c.
378 3056 482 3110 Reiske
536 3063 554 3110 4
568 3059 636 3127 μίαν
652 3056 738 3113 εἰπὼν
754 3056 795 3112 έτι
807 3059 901 3112 πίστιν
917 3075 939 3112 ο.
954 3055 1058 3111 Reiske

48 3130 280 3200 όάνθρόιπουΑ
346 3127 519 3194 διοινδηΒ
556 3136 638 3200 κοινῇ
658 3146 680 3183 ο.
700 3128 844 3198 Kiessling
908 3127 1059 3194 8συνάξει

48 3215 69 3253 ο.
88 3200 252 3254 dubitanter
269 3198 414 3269 Kiessling
494 3206 526 3254 15
545 3200 594 3254 καὶ
613 3199 677 3255 εδδ,
696 3198 718 3253 Β
793 3206 825 3255 18
844 3199 1059 3272 περιβάλλοντες

48 3269 98 3324 ΑΒ
129 3269 328 3344 περιβαλόντες
341 3271 367 3324 R
382 3273 387 3342 Ι
403 3270 536 3338 ἀλλήλους
550 3272 603 3326 AB
620 3279 623 3338 λ
640 3270 765 3326 παλαιὰν
780 3269 802 3324 O
830 3270 918 3326 πάλαι
933 3288 953 3324 υ.
965 3270 1058 3324 Kiess·

48 3339 107 3411 ling
170 3350 202 3396 21
224 3341 378 3412 ἀγενήτους
397 3341 419 3394 0
457 3343 616 3412 ἀνηνύτους
634 3360 657 3397 ο.
673 3342 798 3396 Sintenis
811 3341 872 3398 Em.
887 3342 969 3396 Dion.
984 3341 1010 3394 11
1024 3349 1058 3396 28

50 3418 80 3464 22
100 3413 208 3483 ἡμῖνΒ
244 3414 354 3484 δμῖνΒ
443 3421 477 3468 24
496 3413 570 3484 ἡμᾶς
588 3413 611 3468 Ο
630 3430 699 3468 cort.
720 3413 842 3484 Sylburg
928 3421 961 3468 25
980 3414 1058 3484 ὑμῶν

50 3483 160 3552 ἀγαθάς
179 3482 268 3539 είδόσι
287 3485 309 3538 0
346 3486 412 3553 ὑμῖν
432 3485 546 3554 ἀγαθὰς
565 3484 706 3541 συνειδόσι
724 3485 828 3540 Reiske
