2400 3912
150 204 214 269 162
579 203 744 252 -E-

107 370 130 433 4
149 364 204 432 καὶ
224 364 351 431 ίππέων
369 361 425 430 καὶ
444 366 525 448 τύχη
540 361 616 451 περὶ
631 360 842 447 ἀμφοτέρους
855 361 963 446 ὁμοία.
996 356 1158 443 Ῥωμαίων

147 496 181 537 τε
205 474 269 559 γάρ
293 473 328 538 οί
347 472 384 538 τὸ
409 471 519 551 δεξιὸν
542 469 641 555 κέρας
665 473 805 554 ἔχοντες,
829 462 884 551 ἐφ’
907 461 949 532 οὗ
969 464 1158 549 τεταγμένος

149 574 192 663 ἡν
211 578 228 644 ὁ
248 577 359 664 ἕτερος
371 589 439 644 τῶν
453 577 589 642 ὑπάτων
606 575 800 662 Οὐαλέριος,
819 575 940 640 ἐνίκων
953 575 1033 650 τοὺς
1049 571 1157 638 Οὐιεν-

148 689 270 764 τανοὺς
293 683 349 751 καὶ
371 683 467 770 μέχρι
490 692 551 749 τοῦ
574 681 802 769 στρατοπέδου
820 680 1000 760 διώξαντες
1019 678 1158 766 ἐπλήρω-

119 809 210 858 5σαν
228 803 358 879 νεκρῶν
375 793 413 857 τὸ
432 791 560 873 πεδίον,
584 794 769 875 Τυρρηνῶν
787 811 822 852 τε
842 789 877 852 ολ
892 788 955 871 τὴν
973 796 1035 852 τοῦ
1054 785 1158 864 δεξιοῦ

147 898 282 985 κέρατος
305 901 436 983 ἔχοντες
459 898 587 979 στάσιν,
611 891 660 962 ὧν
683 895 829 979 ἡγοῦντο
852 899 950 971 Τῖτος
973 891 1029 958 καὶ
1043 892 1159 971 Σέξτος

147 1006 182 1070 οί
205 1008 394 1090 Ταρκυνίου
426 1014 487 1071 τοῦ
518 1002 680 1088 βασιλέως
712 1004 844 1084 παῖδες,
878 1000 1060 1088 ἐτρέψαντο
1089 1003 1160 1075 τοὺς

147 1108 200 1176 ἐπὶ
226 1119 287 1175 τοῦ
315 1116 412 1176 λαιοῦ
441 1113 540 1188 όντας
562 1106 734 1194 Ῥωμαίων
761 1107 913 1194 κέρατος,
943 1105 998 1172 καὶ
1021 1110 1159 1191 πλησίον

145 1224 206 1281 τοῦ
228 1217 372 1302 χάρακος
395 1218 506 1284 αὐτῶν
528 1221 706 1302 γενόμενοι
728 1219 844 1301 πείρας
865 1210 927 1300 μὲν
946 1215 1009 1280 οὐκ
1028 1211 1159 1295 ἀπέστη-

107 1343 132 1382 10
147 1339 226 1406 σαν,
255 1325 286 1390 εί
312 1325 472 1390 δύναιντο
501 1321 589 1389 ἑλεῖν
617 1324 655 1388 τὸ
679 1325 784 1408 ἔρυμα
807 1321 840 1400 ἐξ
865 1321 1014 1408 ἐφόδου,
1042 1320 1159 1394 πολλὰς

145 1426 182 1494 δὲ
212 1432 339 1513 πληγάς
371 1432 530 1513 λαβόντες
562 1429 781 1495 ὑποστάντων
813 1429 936 1506 αὐτοὺς
967 1436 1035 1491 τῶν
1065 1426 1158 1490 ἔνδον

145 1535 381 1622 ἀπετράποντο.
423 1531 512 1619 ἡσαν
535 1533 568 1600 δ’
591 1535 696 1600 αὐτοῦ
719 1536 866 1618 φύλακες
889 1534 925 1598 οί
945 1533 1093 1618 τριάριοι
1115 1536 1157 1596 λε-

144 1645 292 1726 γόμενοι,
316 1646 454 1709 παλαιοί
474 1639 581 1707 τεκαὶ
600 1645 734 1707 πολλῶν
754 1644 903 1726 ἒμκειροι
921 1637 1092 1731 πολέμων,
1115 1629 1157 1713 οἷς

144 1747 308 1832 ἐσχάτοις,
337 1749 417 1814 ὅταν
440 1748 646 1833 ἀπογνωσθῇ
669 1757 759 1814 πάσα
782 1747 888 1830 ἐλπίς,
917 1748 964 1823 είς
988 1747 1068 1822 τοὺς
1090 1741 1157 1828 περὶ

5 1943 9 1953 1
104 1873 130 1912 15
143 1864 210 1918 τῶν
234 1857 399 1939 μεγίστων
422 1855 553 1939 ἀγῶνας
574 1865 810 1953 καταχρῶνται.
857 1853 859 1856 ’

210 1960 299 2025 XVI.
329 1960 417 2046 Ἤδη
447 1958 484 2026 δὲ
510 1959 587 2044 περὶ
614 1962 809 2047 καταφορὰν
836 1963 933 2038 όντος
958 1959 1059 2043 ἡλίου
1082 1959 1188 2043 πρὸςῖῖῖ

142 2069 221 2144 τοὺς
245 2065 373 2134 ἑαυτῶν
396 2067 603 2154 ἀνέστρεψαν
628 2066 776 2150 ἑκάτεροι
798 2068 955 2154 χάρακας,
980 2066 1022 2132 οὐ
1046 2073 1157 2130 τοσοῦ-

142 2195 201 2238 τον
231 2172 284 2239 ἐπὶ
311 2182 350 2259 τῇ
379 2177 454 2260 νίκῃ
483 2178 668 2260 χαίροντες,
699 2175 780 2239 ὅσον
804 2171 857 2239 ἐπὶ
879 2175 925 2261 τῷ
950 2176 1075 2257 πλὴθει
1095 2183 1157 2236 τῶν

146 2279 380 2347 ἀπολωλότωνἸ
394 2281 577 2365 ἀχθόμενοι
600 2283 667 2363 καί,
691 2283 723 2345 εί
745 2281 894 2364 δεὴσειεν
918 2279 1032 2356 αὐτοῖς
1052 2277 1158 2362 ἑτέρας

105 2404 131 2445 2⁰
145 2388 259 2472 μάχης,
279 2388 340 2473 οὐχ
360 2389 496 2465 ἱκανοὺς
514 2388 694 2473 ἡγούμενοι
713 2389 773 2453 τὸν
791 2387 905 2470 ἀγῶνα
921 2388 1071 2472 ἄρασθαι
1083 2388 1157 2460 τοὺς

142 2493 437 2579 περιλειπομένους
456 2504 553 2578 σφῶν
572 2497 775 2579 τραυματίας
792 2495 872 2570 τοὺς
889 2496 1036 2570 πολλοὺς
1054 2494 1156 2566 ὄντας.

108 2600 266 2662 2πλείων
296 2597 328 2663 δ’
356 2595 399 2683 ἡν
431 2597 506 2685 περὶ
533 2601 612 2676 τοὺς
635 2595 815 2684 Ῥωμαίους
842 2599 972 2684 ἀθυμία
1000 2597 1057 2665 καὶ
1082 2597 1155 2662 ἀπό-

141 2719 264 2785 γνωσις
291 2716 359 2770 τῶν
388 2705 591 2790 πραγμάτων
621 2705 677 2769 διδι
703 2707 763 2770 τὸν
785 2714 846 2770 τοῦ
868 2705 1034 2790 ἡγεμόνος
1055 2702 1155 2768 δάυα·

141 2829 214 2876 τον·
260 2808 316 2876 καλ
349 2812 506 2896 λογισμὸς
538 2807 642 2896 είσὴει
674 2816 827 2895 πολλοῖς,
861 2812 905 2888 ὡς
938 2812 1075 2896 ἀμεινου
1105 2813 1153 2888 εἴη

102 2934 128 2975 25
143 2919 261 3002 σφίσιν
294 2917 440 2983 ἐκλιπεῖν
472 2918 530 2982 τὸν
562 2917 690 3003 χάρακα
721 2915 801 3004 πρὶν
833 2914 960 3002 ἡμέραν
991 2913 1152 2998 γενέσθαι.

140 3033 278 3090 τοιαῦτα
316 3019 349 3088 δ’
381 3023 492 3088 αὐτῶν
530 3023 781 3108 διανοουμένων
819 3021 873 3088 καὶ
911 3019 1152 3106 διαλεγομένων

141 3133 225 3213 πρὸς
247 3130 411 3214 ἀλλήλους
430 3128 505 3213 περὶ
523 3130 585 3213 τὴν
603 3131 738 3213 πρώτην
757 3153 824 3196 που
843 3130 985 3213 μάλιστα
1005 3126 1151 3213 φυλακὴν

211 3314 406 3394 ΙίᾇωμαῖοιΒ
483 3316 657 3388 δέωμαίους
675 3321 721 3374 Ba
794 3327 828 3375 14
846 3329 923 3375 πᾶσα
942 3321 1011 3388 άλλη
1031 3315 1099 3379 ἒλπίο
1119 3335 1147 3372 e.

141 3381 332 3508 ξίὶςῗοολιετχςΒα
359 3392 391 3440 15
411 3389 527 3456 ἀγόνων
547 3390 572 3441 Α
639 3397 674 3444 20
693 3389 880 3461 αίρεῐοῶαιΒ
950 3397 985 3446 24
1005 3390 1084 3458 είςὴει
1099 3387 1151 3442 Bb
