2400 3912
470 240 636 290 -A-
1001 236 1065 302 133

62 399 165 484 ἕτερόν
186 422 218 463 τι
241 409 308 464 τῶν
331 397 538 483 βιαζομένων
556 398 576 482 ή
595 402 786 464 πειθόντων
804 400 1007 485 ἀνθρώπους
1025 401 1065 464 τά

59 507 98 590 μή
121 506 229 570 δίκαια
250 504 415 589 πράττειν.
454 507 485 570 εἰ
506 503 547 570 δέ
563 521 652 571 τισιν
671 505 783 571 αὐτῶν
802 507 866 588 άρα
885 507 941 572 διά
958 506 1100 589 κακήν3

60 613 154 694 φύσιν
176 611 196 695 ή
219 612 369 698 πονηρὰς
392 613 519 698 τροφάς
541 613 579 676 τὸ
603 613 853 698 φιλοτύραννον
876 611 1065 696 ἐμπέφυκεν

58 717 93 782 ού
113 722 248 795 πολλοῖς
270 712 347 784 οὖσι
369 719 416 802 μά
440 721 518 802 Δία,
543 718 700 803 μεγάλαις
723 715 778 784 καὶ
800 719 940 796 τούτους
964 717 1064 800 ἀνάγ-

56 847 120 900 καις
141 822 345 909 ἐνζεύξομεν,
370 818 448 890 ὥστ’
466 823 502 890 ἐκ
524 835 682 909 πονηρῶν
705 824 865 909 γενέσθαι
887 826 1064 910 χρηστούς·
1087 846 1100 886 ι

56 929 154 1015 όμηρα
181 932 245 1017 γάρ
273 931 385 996 αὐτῶν
414 935 531 1016 ἔχομεν
558 930 596 996 ἐν
623 939 663 1017 τῇ
691 934 786 998 πόλει
808 931 906 997 τέκνα
928 929 983 996 καὶ
1005 956 1065 1015 γυ-

56 1047 163 1114 ναῖκας
186 1035 240 1102 καὶ
261 1048 383 1122 γονεῖς,
407 1037 429 1103 ἃ
447 1037 623 1124 τιμιώτερα
641 1047 700 1122 τῆς
718 1039 807 1116 ἰδίας
829 1035 919 1106 ἐστὶν
939 1037 1064 1126 ἕκάστφ

54 1152 159 1228 ψυχῆς.
198 1144 301 1210 ταῦτά
322 1141 351 1210 τ’
374 1139 438 1210 οῦν
462 1145 576 1223 αὐτοῖς
595 1144 795 1229 ἀποδώσειν,
819 1145 878 1211 έάν
897 1145 1065 1212 ἀποστῶσι

54 1259 113 1314 τῦν
134 1250 321 1338 τυράννων,
344 1251 608 1338 ὑπισχνούμενοι
630 1250 686 1317 καὶ
710 1253 826 1318 ἀδειαν
848 1247 896 1318 ὧν
915 1253 1065 1339 ήμαρτον

53 1360 267 1443 ψηφιζόμενοι
300 1358 425 1446 ῥᾳδίως
456 1362 623 1444 πείσομεν.
671 1359 755 1424 ώστε
781 1365 1004 1445 θαρροῦντες,
1037 1318 1101 1445 ώὲ,

54 1463 197 1548 δημόται,
221 1463 276 1531 καλ
299 1465 430 1549 ἀγαθάς
453 1469 584 1551 ἔχοντες
605 1462 691 1552 ὑπὲρ
714 1476 782 1531 τῶν
805 1467 994 1550 μελλόντων
1014 1464 1064 1530 έλ-

53 1571 143 1648 πίδας
166 1583 303 1659 χωρεῖτε
327 1575 410 1660 πρὸς
433 1568 492 1638 τὸν
514 1571 640 1657 ἀγῶνα,
663 1572 842 1637 κάλλιστον
866 1566 914 1636 ὧν
932 1571 1064 1636 πώποτε

13 1677 176 1762 ιιιήρασθε
194 1678 349 1764 πολέμων
367 1681 466 1746 τόνδε
484 1680 759 1764 ὑποστησόμενοι.
796 1679 890 1762 ἡμεῖς
909 1674 970 1762 μέν
990 1671 1063 1758 οὖν,

53 1778 172 1850 ὦθεοὶ
194 1794 358 1875 πατρῷοι,
382 1787 528 1871 φύλακες
551 1785 677 1870 ἀγαθοὶ
699 1787 801 1870 τήσδε
823 1795 881 1870 τής
905 1793 980 1869 γῆς,
1008 1781 1064 1848 καὶ

53 1890 216 1976 δαίμονες,
241 1895 277 1957 οῖ
297 1894 376 1970 τοῦς
398 1891 541 1978 πατέρας
561 1893 657 1978 ἡμῶν
681 1894 867 1978 λελόγχατε,
891 1888 947 1956 καὶ
969 1892 1065 1967 πόλις
1075 1910 1100 1951 15

52 1998 286 2082 θεοφιλεστάτη
315 1999 461 2081 πόλεων,
494 1997 532 2064 έν
558 1990 580 2085 ᾗ
603 1996 765 2084 γενέσεώς
791 2021 827 2062 τε
854 1993 910 2060 καὶ
936 2004 1064 2083 τροφῆς

52 2100 218 2190 ἐτύχομεν,
257 2105 451 2190 ἀμυνοῦμεν
486 2105 568 2190 ὑμῖν
599 2104 655 2171 καὶ
686 2105 834 2190 γνώμαις
864 2100 920 2168 καὶ
951 2105 1064 2186 λόγοις

49 2207 100 2274 καὶ
121 2208 214 2298 χερσὶ
236 2209 292 2276 καὶ
319 2221 456 2296 ψυχαῖς,
486 2209 542 2276 καὶ
564 2211 703 2295 πάσχειν
726 2210 854 2294 ἕτοιμοι
875 2218 961 2293 πᾶν,
990 2209 1008 2274 ὅ
1031 2231 1064 2274 τι

51 2314 88 2380 άν
111 2317 129 2383 ὁ
153 2319 283 2402 δαίμων
306 2314 361 2382 καὶ
384 2318 422 2382 τὸ
445 2317 553 2403 χρεὼν
577 2315 673 2403 φέρη.
719 2314 923 2400 μαντεύομαι
947 2310 983 2379 δὲ
1006 2315 1099 2381 ata-5

52 2427 116 2501 λοῖς
148 2424 380 2511 ἐγχειρήμασιν
418 2419 551 2508 εὐτυχὲς
586 2423 833 2506 ἀκολουθήσειν
864 2419 965 2497 τέλος.
1012 2426 1100 2504 εῖηιο

51 2525 85 2593 δὲ
114 2533 246 2608 τούτοις
287 2532 389 2596 ἀπασι
427 2530 528 2596 ταύτὸ
565 2534 708 2615 λαβοῦσι
747 2529 876 2616 θάρσος
911 2525 967 2593 καὶ
1004 2537 1063 2615 μιᾷ

51 2636 161 2722 γνώμη
183 2637 417 2724 χρησαμένοις,
441 2638 558 2716 σώζειν
580 2635 616 2702 θ’
638 2633 797 2722 ἡμᾶςκαὶ
816 2635 981 2713 σώζεσθαι
1000 2632 1059 2720 ὑφ’

50 2741 147 2827 ἡμῶν.
1079 2800 1081 2804 ,

113 2849 310 2917 LXXXIIII.
347 2855 491 2917 Τοιαῦτα
521 2860 583 2916 τοῦ
608 2850 764 2937 Βρούτου
790 2851 1064 2936 δημηγοροῦντος

53 2953 245 3041 ἀναβοήσεις
268 2981 303 3024 τε
327 2960 477 3043 συνεχεῖς
499 2953 553 3043 ἐφ’
576 2955 701 3045 ἑκάστφ
724 2967 791 3023 τῶν
814 2954 1004 3040 λεγομένων
1028 2954 1064 3021 ἐκ
1073 2975 1100 3016 ιι

51 3070 109 3126 τοῦ
133 3066 287 3148 πλήθους
315 3064 467 3148 έγίνοντο
492 3065 772 3149 διασημαίνουσαι
794 3063 832 3128 τὸ
856 3063 1064 3146 βουλόμενόν

121 3263 132 3312 1
158 3253 332 3330 βιαζομένων
362 3255 385 3308 Β
433 3253 586 3328 βιαζόντων
615 3257 641 3310 R
732 3262 748 3310 5
773 3249 936 3324 ἐνζεύξομεν
960 3251 1064 3308 Reiske

56 3326 222 3399 ζεύξομενΟ
311 3326 579 3400 7τιμ<ιώ>τεραΒ
672 3333 705 3382 15
724 3324 789 3381 πόλι
807 3326 854 3379 Ba
889 3323 969 3388 πόλις
987 3324 1063 3379 ABb

90 3440 118 3488 17
137 3432 165 3490 οἱ
181 3435 276 3506 γνώμη
295 3433 321 3487 Α
357 3399 393 3486 ώέ
406 3434 531 3505 γνώμαις
548 3434 596 3488 Ba
631 3433 660 3489 οἳ
682 3433 805 3504 γνώμαις
826 3432 873 3486 Bb
960 3437 993 3486 19
1013 3428 1065 3501 φέ-
1183 3427 1184 3484 ζ

56 3506 151 3572 ρεινΑ
221 3512 256 3561 26
277 3503 481 3577 βουλευόμενον
499 3504 525 3558 Α
