2400 3912
155 221 219 288 168
582 225 747 275 -E-

154 384 191 450 ἐν
215 383 330 472 ἐκείνφ
354 392 400 473 τῷ
424 384 565 472 ἐνιαυτῷ
585 383 849 452 συντελεσθέντα
867 383 932 450 ὑπὸ
949 395 1015 450 τῶν
1032 383 1146 450 ὑπάτων

153 490 266 556 τοιάδε
288 485 345 574 ήν·

221 597 291 663 ΧΧ.
318 601 371 686 Τςό
396 594 427 662 δ’
450 595 524 682 ἑξής
542 596 642 675 αὐτός
660 621 695 663 τε
712 598 815 664 πάλιν
833 597 1065 664 ἀποδείκνυται
1078 599 1147 664 Οὐα-

155 704 265 791 λέριος
287 705 325 770 τὸ
350 704 509 790 δεύτερον
531 704 657 782 ὕπατος
678 702 735 770 καί
758 706 823 770 σὺν
842 705 932 794 αὐτῷ
951 708 1148 792 Λουκρήτιος,

127 829 139 869 ⁵
155 805 210 897 ἐφ’
231 805 280 877 ὧν
303 812 384 877 ἀλλο
403 807 465 895 μὲν
484 806 585 876 οὐδὲν
604 809 698 890 ἀξιον
717 813 821 895 λόγου
840 810 1001 897 ἐπράχθη,
1024 814 1149 896 τιμήσεις

155 912 187 982 δ’
210 915 366 999 ἐγένοντο
393 925 461 981 τῶν
489 918 573 1000 βίων
600 914 656 982 καί
683 915 790 995 τάξεις
814 927 882 982 τῶν
906 919 953 995 είς
975 921 1053 996 τοὺς
1074 918 1150 984 πολέ-

155 1047 239 1108 μους
266 1025 451 1107 εἰσφορῶν,
479 1023 524 1101 ὡς
550 1023 691 1100 Τύλλιος
714 1023 732 1088 ὁ
756 1026 913 1107 βασιλεὺς
936 1021 1150 1109 ἐνομοθέτησε,

154 1129 262 1194 πάντα
284 1130 344 1194 τὸν
362 1127 415 1194 ἐπὶ
433 1137 491 1214 τής
509 1131 699 1214 Ταρκυνίου
718 1130 915 1208 δυναστείας
934 1133 1059 1215 χρόνον
1077 1131 1151 1215 ἀφει-

155 1234 263 1320 μέναι,
287 1238 361 1301 τότε
385 1232 422 1301 δέ
445 1246 579 1321 πρῶτον
601 1235 667 1300 ὑπὸ
689 1236 820 1302 τούτων
844 1235 1098 1304 ἀνανεωθεῖσαι·
1129 1235 1180 1314 ἔξω

115 1358 142 1399 1⁰
156 1336 204 1408 ὧν
237 1341 362 1429 εὑρέθη
394 1353 462 1410 τῶν
495 1342 533 1408 ἐν
564 1343 628 1428 ήβη
652 1336 822 1427 Ῥωμαίων
852 1341 930 1430 περὶ
960 1346 1152 1430 τρισκαίδεκα

155 1450 326 1536 μυριάδας.
373 1447 429 1516 καὶ
457 1451 504 1527 είς
530 1452 655 1536 χωρίον
679 1471 711 1516 τι
734 1452 942 1537 Σιγνούριον
964 1453 1153 1536 καλούμενον

149 1551 322 1641 Ῥωμαίων
349 1555 513 1640 ἀπεστάλη
543 1558 694 1643 στρατιά,
728 1559 785 1623 διὰ
812 1563 963 1642 φυλακῆς
992 1557 1110 1637 ἕξουσα
1128 1558 1153 1621 τὸ

155 1663 322 1748 φρούριον
352 1660 406 1728 ἐπὶ
435 1673 506 1740 ταῖς
536 1665 692 1729 Λατίνων
721 1685 757 1729 τε
785 1662 841 1729 καί
865 1660 1029 1749 Ἑρνίκων
1057 1667 1154 1730 πόλεσι

156 1771 321 1853 κείμενον,
345 1769 428 1835 ὅθεν
450 1771 511 1835 τὸν
533 1773 679 1854 πόλεμον
701 1769 954 1856 προσεδέχοντο.

115 1890 141 1932 15
180 1883 187 1906 ⁸
222 1875 309 1939 XXI.
343 1878 497 1940 Ποπλίου
525 1873 562 1941 δέ
587 1876 775 1962 Οὐαλερίου
799 1885 860 1942 τοῦ
882 1874 1155 1963 προσαγορευθέν-

155 2003 212 2056 τος
226 1982 422 2046 Ποπλικόλα
443 1982 481 2046 τὸ
504 1985 619 2068 τρίτον
637 1979 691 2048 ἐπὶ
708 1984 771 2067 τήν
789 1983 895 2068 αὐτήν
913 1982 1157 2068 ἀποδειχθέντος

156 2085 262 2170 ἀρχήν
288 2085 345 2152 καὶ
373 2091 437 2154 σὺν
465 2088 554 2176 αὐτῷ
578 2090 724 2176 Μάρκου
741 2085 894 2176 Ὁρατίου
918 2093 1112 2175 Πολβίλλου
1130 2089 1156 2152 τὸ

157 2193 315 2279 δεύτερον
338 2196 495 2277 βασιλεὺς
508 2199 710 2262 Κλουσινῶν
733 2207 801 2262 τῶν
819 2195 856 2263 ἐν
875 2200 1047 2284 Τυρρηνίᾳ
1061 2196 1158 2279 Λάρος

156 2301 278 2384 ὄνομα,
304 2303 477 2387 Πορσίνας
499 2300 687 2387 ἐπίκλησιν,
710 2305 975 2387 καταφυγόντων
998 2299 1048 2368 ἐπ’
1073 2301 1158 2368 αὐτὸν

118 2423 145 2464 2⁰
164 2408 375 2494 Ταρκυνίων,
402 2407 632 2493 ὑποσχόμενος
654 2409 768 2487 αὐτοῖς
791 2411 885 2475 δυεῖν
907 2410 1057 2496 θάτερον
1082 2409 1101 2492 ή
1122 2409 1158 2472 δι-

157 2513 310 2591 αλλάξειν
341 2513 463 2590 αὐτοὺς
489 2515 572 2600 πρὸς
600 2518 679 2592 τοὺς
709 2518 845 2593 πολίτας
873 2514 926 2582 ἐπί
953 2516 1093 2604 καθόδῳ
1117 2510 1158 2579 καὶ

157 2618 320 2702 ἀναλήψει
341 2629 400 2704 τής
423 2619 524 2706 ἀρχῆς
545 2619 566 2704 ή
589 2622 647 2699 τὰς
670 2621 786 2700 οὐσίας
809 2621 1111 2708 ἀνακομισάμενος,
1131 2620 1159 2694 ἀι

158 2723 394 2810 ἀφῃρέθησαν,
422 2726 624 2810 ἀποδώσειν,
655 2726 769 2812 ἐπειδή
797 2728 952 2814 πρέσβεις
979 2729 1160 2802 ἀποστείλας

157 2831 205 2908 είς
227 2833 289 2915 τήν
307 2827 436 2916 Ῥώμην
459 2831 496 2897 ἐν
518 2839 564 2919 τῷ
588 2836 793 2919 παρελθόντι
812 2833 953 2923 ἐνιαυτῷ
973 2834 1160 2921 μεμιγμένας

115 2955 141 2996 2⁵
157 2937 306 3015 ἀπειλαῖς
324 2937 514 3020 ’ἐπικλήσεις
536 2941 730 3022 κομίζοντας
753 2940 829 3005 οὔτε
854 2942 1035 3025 διαλλαγάς
1058 2943 1181 3028 εὕρετοόθ

230 3119 263 3167 10
283 3110 443 3183 εὑρέθησαν
458 3144 492 3153 -
507 3112 642 3185 μυριάδες
660 3131 682 3170 ο.
703 3114 793 3169 Cobet
810 3115 828 3170 l.
848 3115 866 3168 l.
924 3122 956 3172 11
977 3116 1142 3188 μοριάδεςλ

157 3185 348 3287 *τισιάίεάριον
366 3219 390 3270 Β
427 3218 578 3289 συηνήριον
595 3219 621 3273 A
639 3223 823 3291 (σιμλιονρίαν
842 3223 917 3291 apud
935 3223 1077 3280 Plutarch.
1092 3222 1159 3292 Popl.

160 3351 183 3388 ο.
203 3342 247 3403 16)
324 3346 357 3392 16
375 3339 407 3393 τό
427 3340 522 3394 om.B
601 3348 633 3397 18
652 3308 789 3400 ιάουσίων
807 3345 833 3399 Α
869 3348 1083 3403 κολουσίνωνΒ
1135 3352 1159 3400 19

162 3405 298 3471 Πορσίνας
316 3407 368 3460 ΑΒ
458 3416 491 3463 22
511 3411 675 3480 ἀναλήψει
692 3414 715 3466 Β
806 3422 842 3470 24
859 3417 930 3488 πρὸς
951 3418 1003 3487 τήν
1021 3417 1105 3474 πόλιν
1121 3417 1140 3469 Β
1157 3447 1160 3484 1

161 3471 280 3537 παρόντι
297 3474 320 3524 Β
337 3479 341 3542 Ι
357 3477 545 3546 παρακλήσεις
563 3497 585 3535 e.
606 3481 726 3552 Sylburg
