2384 3902
126 239 192 306 278
559 239 720 293 -5-

117 395 300 488 ΙἙρμήνιος
328 403 517 488 ἀνειληφώς
543 403 623 479 τοὺς
645 400 861 486 φοβηθέντας
883 399 919 467 ἐκ
941 409 1001 484 τῆς
1022 407 1136 484 τροπῆς

126 521 194 574 τῶν
218 508 389 598 σφετέρων
412 505 493 593 ηηεν
516 506 570 576 ἐπὶ
593 510 672 586 τοὺς
694 506 771 594 περὶ
794 509 853 573 τὸν
872 510 1047 592 Μαμίλιον
1065 523 1135 571 συν-

127 627 283 694 εστῶτας·
323 614 379 682 καὶ
411 616 590 700 συμπεσὼν
622 614 712 704 αὐτῷ
745 617 889 702 μεηίστῳ
921 637 956 679 τε
986 615 1059 679 ὄντι
1089 611 1136 678 καὶ

126 722 243 809 ῥώμην
261 722 384 810 ἀρίστῳ
403 733 472 788 τῶν
494 719 574 787 καθ’
600 722 704 787 αὑτὸν
725 723 811 804 [τότε
831 720 1039 803 ἀνθρώπων]
1064 719 1135 784 ἐκεῖ·

99 833 187 895 ννόν
219 826 247 894 τ’
288 829 474 895 ἀποκτείνει
510 826 566 894 καλ
598 828 698 905 αὐτὸς
730 828 767 893 ἐν
800 835 846 916 τῷ
875 828 1054 893 σκυλεύειν
1086 828 1136 890 τὸν

125 936 247 1022 νεκρὸν
269 933 406 1018 πληγεὶς
427 935 494 1001 ὑπό
516 958 608 1011 τινος
631 932 720 1018 ξίφει
745 935 802 999 διδι
823 943 881 1018 τῆς
904 935 1050 1017 λαγόνος
1068 933 1136 998 ἀπο-

89 1041 276 1125 5θνήσκει.
323 1040 447 1120 Σέξτος
475 1038 513 1106 δέ
540 1041 725 1123 Ταρκύνιος
748 1050 809 1107 τοῦ
832 1046 931 1106 λαιοῦ
953 1051 1022 1106 τῶν
1047 1044 1136 1106 Λατί-

124 1170 195 1212 νων
223 1146 360 1233 κέρατος
387 1146 573 1233 ἡγούμενος
601 1147 752 1232 ἀντεῖχεν
779 1150 828 1212 ἔτι
849 1158 920 1224 τοῖς
944 1148 1071 1225 δεινοῖς
1091 1145 1137 1211 καὶ

124 1256 204 1330 τοὺς
235 1252 288 1319 ἐπὶ
319 1263 381 1319 τοῦ
414 1253 526 1332 δεξιοῦ
558 1265 625 1319 τῶν
649 1249 818 1338 Ῥωμαίων
845 1253 985 1340 κέρατος
1012 1253 1136 1333 ἐξεώθει

87 1381 113 1419 10
126 1369 184 1443 τῆς
207 1361 367 1438 στάσεως·
399 1361 444 1438 ὡς
468 1358 505 1426 δὲ
521 1362 582 1426 τὸν
597 1362 791 1446 Ποστόμιον
810 1360 975 1426 ἐθεάσατο
995 1362 1061 1425 σὺν
1079 1370 1137 1436 τοῖς

125 1465 308 1544 ἐπιλέκτοις
344 1468 502 1534 ἱππεῦσιν
538 1467 782 1554 ἐπιφερόμενον
815 1466 987 1550 ἀπογνοὺς
1018 1466 1137 1550 ἀπάσης

124 1570 260 1650 ἐλπίδος
287 1576 334 1652 είς
357 1573 480 1660 μέσους
502 1573 625 1651 αὐτοὺς
648 1575 745 1639 λεται·
783 1576 869 1639 ἔνθα
892 1574 935 1656 δὴ
958 1565 1137 1648 κυκλωθεὶς

123 1678 190 1744 ὑπὸ
218 1690 286 1746 τῶν
309 1681 479 1766 Ῥωμαίων
509 1678 635 1747 ίππέων
662 1703 698 1745 τε
724 1678 780 1745 καί
807 1683 914 1759 πεζῶν
942 1677 998 1745 καί
1028 1682 1137 1764 βαλλό-

74 1805 78 1812 ·
124 1809 224 1869 μενος
251 1791 464 1872 πανταχόθεν
487 1789 597 1872 ὥσπερ
621 1788 760 1871 θηρίον,
790 1787 959 1878 οὐκάνευ
981 1795 1045 1852 τοῦ
1069 1791 1180 1852 πολ-1011

85 1909 110 1950 1⁵
125 1893 206 1967 λοῦς
233 1891 425 1960 ἀποκτείναι
452 1905 520 1959 τῶν
547 1893 650 1977 ὁμόσε
676 1893 901 1977 χωρησάντων
925 1893 1136 1977 ἀποθνήσκει.

124 1999 296 2064 πεσόντων
327 1996 365 2065 δὲ
394 2011 462 2066 τών
490 1999 681 2084 ἡγεμόνων,
715 1998 826 2085 ἀθρόα
852 2003 982 2082 γίνεται
1009 2001 1138 2064 πάντων

124 2099 242 2169 αὐτίκα
273 2115 341 2169 τῶν
370 2108 528 2170 Λατίνων
561 2105 652 2188 φυγὴ
685 2101 740 2169 καὶ
772 2113 834 2169 τοῦ
861 2105 1007 2192 χάρακος
1035 2106 1138 2172 αὐτῶν

124 2211 251 2296 ἐρημον
269 2209 552 2297 καταλειφθέντος
570 2210 636 2278 ὑπὸ
649 2221 718 2275 τών
733 2211 894 2296 φυλάκων
907 2213 1043 2298 ἅλωσις,
1064 2213 1138 2277 ὅθεν

89 2319 161 2382 δοί
175 2313 331 2403 Ῥωμαῖοι
353 2319 478 2395 πολλὰς
500 2315 556 2382 καὶ
578 2319 680 2395 καλδς
704 2314 826 2401 ἔλαβον
850 2318 1022 2403 ὠφελείας.
1065 2335 1138 2402 συμ

84 2443 110 2482 20
124 2424 216 2510 φορά
245 2447 280 2489 τε
309 2424 392 2507 αὕτη
422 2427 558 2509 μεγίστη
587 2427 746 2501 Λατίνοις
773 2422 921 2508 ἐγένετο,
952 2421 998 2488 δι’
1024 2423 1069 2507 ἣν
1091 2422 1136 2488 ἐπὶ

123 2535 280 2596 πλεῖστον
295 2531 524 2615 ἐκακώθησαν,
543 2527 599 2595 καὶ
613 2533 746 2615 φθόρος
762 2529 937 2614 σωμάτων,
957 2531 1036 2608 ὅσος
1051 2531 1137 2596 οὔπω

123 2640 303 2724 πρότερον·
335 2639 399 2704 ἀπὸ
422 2639 486 2722 γὰρ
509 2638 793 2721 τετρακισμυρίων
816 2639 924 2714 πεζῶν
946 2635 1004 2702 καὶ
1021 2653 1137 2724 τρισχι-

124 2747 207 2809 λίων
241 2743 383 2829 ἱππέων,
416 2744 526 2829 ὥσπερ
559 2744 661 2827 ἐφην,
699 2743 735 2807 οί
762 2739 960 2827 λειφθέντες
990 2742 1137 2818 ἐλάττους

124 2853 257 2937 μυρίων
279 2849 457 2935 ἐσώθησαν
481 2846 534 2915 ἐπὶ
556 2850 597 2914 τδι
620 2848 772 2934 σφέτερα.

84 2973 110 3015 25
191 2956 281 3032 XIII.
311 2953 367 3022 ’Ev
398 2957 502 3042 ταώτη
534 2953 689 3039 λέγονται
716 2962 755 3040 τῇ
783 2954 869 3041 μάχη
900 2958 1080 3043 Ποστομίῳ
1106 2977 1136 3018 τε

196 3151 372 3218 Ῑηερμίνιος
385 3147 437 3201 ΑΒ
488 3147 598 3217 2παρδι
610 3146 664 3200 AB
701 3146 802 3217 περλΕ
818 3146 985 3216 etSbeurg
1032 3144 1135 3217 όᾷώμη

124 3218 148 3269 Β
186 3216 280 3287 ῥώμης
297 3219 322 3270 Β
359 3216 568 3288 ᾆώμηνὈοοελ
591 3218 656 3272 obs.
675 3236 703 3287 p.
725 3223 775 3271 112
866 3225 922 3272 τῶν
947 3213 1019 3271 καθ’
1039 3212 1136 3272 ἕαυτδν

124 3285 187 3340 τότε
210 3288 372 3356 ἀνθρώπων
392 3289 414 3341 0
452 3296 507 3342 τῶν
531 3286 602 3342 καθ’
625 3283 727 3343 ἑαυτὸν
746 3289 796 3341 aut
818 3295 874 3342 τῶν
898 3286 961 3343 τότε
981 3289 1135 3358 ἀνθρώπων

127 3355 275 3408 seribenda
293 3372 355 3410 esse
374 3359 470 3410 censet
489 3356 613 3410 Sintenis
633 3360 691 3412 Em.
711 3356 793 3413 Dion.
813 3357 856 3412 19
962 3366 978 3414 9
998 3355 1011 3414 ἐ
1028 3360 1099 3413 ώθει
1116 3357 1135 3412 0

128 3416 244 3482 ἐξεώθει
263 3423 351 3478 Cobet
370 3426 435 3479 obs.
453 3444 481 3494 p.
502 3431 564 3478 112·
654 3434 685 3482 11
706 3423 974 3498 ἐπιφαινόμενονΟ
1025 3427 1137 3499 πιφερό-

128 3505 214 3553 μενον
236 3490 379 3561 KiessIIng
398 3494 561 3549 dubitanter
