2400 3912
458 239 622 289 ..Ε-

18 398 208 478 ιοοσαενάζετό
239 422 275 466 τε
305 401 390 485 πρὸς
420 399 529 484 μάχην
557 399 602 477 ὡς
628 398 902 485 ἀναρπασόμενος
929 400 1052 478 αῦτοῦς

54 508 160 591 πλήθει
180 503 234 572 καὶ
257 505 356 589 ἐπῆγε
380 507 444 570 σὺν
466 510 573 591 πολλῇ
595 508 843 591 καταφρονήσει
865 507 927 590 τὴν
950 506 1052 572 δόνα-

53 636 109 696 μιν.
142 606 230 696 εἶχον
254 609 292 678 δέ
310 612 372 696 τὴν
390 611 573 696 ἡγεμονίαν
591 621 653 677 τοῦ
671 607 732 697 μὲν
751 610 929 698 ἀριστεροῦ
946 609 1086 698 κέρως4

53 719 83 782 οί
103 721 285 805 Ταρκυνίου
307 719 439 801 παῖδες,
467 715 591 797 Σέξτος
613 716 669 783 καλ
696 721 807 800 Τίτος,
826 712 997 802 Ῥωμαίων
1019 714 1047 783 τ’

54 824 148 890 αὐτῶν
174 828 254 903 τοὺς
279 825 435 910 φυγάδας
457 826 596 908 ἄγοντες
617 823 673 891 καὶ
696 825 733 891 ἐκ
754 833 812 910 τῆς
835 827 970 908 Γαβίων
992 825 1079 890 uad-⁵

52 935 119 1008 λεως
141 934 177 998 τδ
201 933 425 1016 ἀκμαιότατον
448 930 553 1011 ξένων
576 929 689 998 τεκαὶ
713 933 936 1017 μισθοφόρων
958 942 1051 1017 χείρα

52 1037 101 1101 οὐκ
130 1037 261 1123 ὀλίγην·
296 1049 359 1105 τοῦ
392 1035 429 1106 δὲ
461 1038 574 1118 δεξιοῦ
606 1041 778 1124 Μαμίλιος
809 1039 827 1106 ὁ
862 1041 1052 1123 Ταρκυνίου

50 1145 206 1231 κηδεστής,
241 1140 300 1231 ἐφ’
332 1141 374 1211 οὗ
406 1148 564 1212 Λατίνων
596 1148 633 1212 οί
659 1146 860 1223 ἀποστάντες
882 1140 1052 1230 Ῥωμαίων

51 1249 201 1330 ἐτάξαντο·
234 1256 392 1337 βασιλεὺς
416 1250 453 1318 δὲ
477 1256 650 1340 Πορσίνας
671 1255 754 1319 κατὰ
776 1252 882 1338 μέσην
904 1253 966 1336 τὴν
989 1251 1053 1336 φά-

49 1362 139 1442 λαγγα
173 1358 336 1426 ἐτέτακτο.
377 1355 549 1445 Ῥωμαίων
582 1356 619 1426 δὲ
650 1361 687 1425 τὸ
720 1356 781 1445 μὲν
813 1358 924 1438 δεξιὸν
954 1340 1092 1452 κέρας150

49 1467 180 1552 Σπόριος
203 1466 354 1552 Λάρκιος
380 1464 435 1532 καί
465 1470 562 1544 Τίτος
580 1463 749 1554 Ἑρμίνιος
775 1477 929 1551 κατεῖχον
956 1465 1052 1531 ἐναν-

47 1575 101 1636 τίοι
125 1575 339 1660 Ταρκυνίοις·
376 1574 414 1638 τὸ
443 1567 475 1638 δ’
501 1572 677 1658 ἀριστερὸν
704 1573 845 1658 Μάρκος
869 1570 1052 1658 Οὐαλέριος

48 1676 175 1763 ἀδελφὸς
207 1677 360 1765 θατέρου
386 1689 454 1744 τῶν
481 1679 617 1746 ὑπάτων
648 1683 842 1746 Ποπλικόλα
869 1678 925 1746 καὶ
956 1683 1052 1755 Τίτος

46 1787 242 1871 Λονκρήτρος
261 1785 280 1850 ὁ
298 1794 345 1874 τῷ
363 1787 516 1872 πρόσθεν
532 1786 721 1862 ὑπατεύσας
739 1789 804 1852 ἐτει
818 1789 977 1873 Μαμιλίῳ
996 1782 1053 1850 καί

45 1894 190 1970 Λατίνοις
220 1894 470 1978 συνοισόμενοι·
508 1892 548 1956 τὰ
577 1889 613 1958 δὲ
641 1891 725 1977 μέσα
750 1902 819 1958 τῶν
847 1891 995 1976 κεράτων
1019 1892 1054 1957 οί
1067 1909 1091 1948 1⁶

45 1997 150 2065 ότατοι
172 2008 330 2084 κατεῖχον
354 1997 545 2085 ἀμφότεροι.

15 2117 43 2168 υτ
98 2105 221 2174 ΧΧΙΠ.
248 2101 305 2183 Ὡς
328 2102 366 2171 δὲ
389 2110 565 2190 συνῆλθον
587 2107 634 2183 είς
652 2116 773 2192 χεῖρας,
797 2105 958 2191 ἐμάχοντο
977 2129 1052 2190 γεν-

43 2215 133 2291 ναίως
155 2211 214 2279 καὶ
235 2215 345 2279 πολὺν
364 2211 518 2297 ἀντεῖχον
536 2211 720 2297 ἀμφότεροι
738 2215 877 2297 χρόνον·
900 2211 1052 2298 ἐμπειρίᾳ

43 2315 93 2399 μὲν
127 2319 184 2385 καὶ
221 2321 379 2406 καρτερίμ
411 2320 581 2404 κρείττους
613 2320 706 2396 ὄντες
738 2319 774 2383 οί
798 2314 952 2402 Ῥωμαῖοι
983 2327 1052 2381 τῶν

43 2422 207 2510 ἐναντίων,
227 2428 351 2511 πλήθει
371 2422 409 2492 δὲ
427 2434 627 2511 κρατοῦντες
643 2435 711 2491 τῶν
724 2419 895 2510 Ῥωμαίων
914 2424 949 2489 οί
968 2426 1051 2507 Τυρ-
1066 2442 1092 2481 20

43 2534 133 2614 ρηνοί
160 2557 199 2599 τε
232 2530 289 2598 καί
315 2536 458 2598 Λατίνοι
485 2539 609 2620 μακρῷ.
653 2535 788 2597 πολλῶν
816 2528 853 2596 δὲ
880 2533 1053 2596 πεσόντων

41 2635 92 2721 ἀφ’
116 2637 286 2726 ἑκατέρων
314 2638 391 2717 δέος
413 2637 594 2723 εἰσέρχεται
612 2634 807 2722 Ῥωμαίους,
835 2648 968 2725 πρῶτον
991 2632 1053 2722 μὲν

41 2747 111 2822 τοὺς
131 2745 335 2831 κατέχοντας
356 2747 394 2812 τὸ
418 2733 595 2832 ἀριστερὸν
617 2743 726 2831 κέρας,
750 2745 864 2830 ἐπειδὴ
882 2747 961 2821 τοὺς
979 2744 1053 2828 ἡγε-

41 2853 136 2932 μόνας
160 2852 348 2918 ἐθεάσαντο
375 2849 562 2936 Οὐαλέριόν
584 2849 698 2916 τεκαὶ
720 2853 932 2935 Λουκρήτιον
954 2873 1053 2936 τραν·

42 2961 150 3038 ματίας
174 2956 464 3043 ἀποκομισθέντας
487 2956 523 3022 ἐκ
543 2966 602 3040 τῆς
621 2958 739 3042 μάχης·
773 2959 883 3022 ἔπειτα
900 2955 957 3021 καὶ
975 2959 1054 3033 τοὺς
1067 2974 1093 3014 ν

41 3062 86 3130 ἐτλ
107 3074 170 3131 τοῦ
196 3064 308 3143 δεξιοῦ
331 3063 469 3151 κέρατος
490 3061 711 3149 τεταγμένους
729 3074 890 3140 νικῶντας
908 3063 973 3146 ἥδη
991 3063 1053 3146 τὴν

42 3172 98 3236 σὺν
117 3173 320 3258 Ταρκυνίοις
344 3171 489 3257 δύναμιν
512 3174 550 3237 τὸ
569 3171 651 3236 αὐτὸ
670 3170 915 3256 καταλαμβάνει
932 3169 1053 3252 πάθος,

41 3277 185 3361 ὁρῶντας
212 3279 275 3362 τὴν
300 3279 430 3365 τροπὴν
456 3289 524 3343 τῶν
552 3277 681 3365 ἑτέρων.
728 3279 924 3362 φευγόντων
948 3272 979 3340 δ’
1006 3276 1089 3352 είς2

106 3437 277 3508 ῦΓαβίνων
295 3436 343 3490 Bb
380 3432 469 3504 8ἀφ’
486 3430 520 3490 οὗ
538 3435 564 3489 A
600 3428 729 3502 ἐξ.οδΒ
765 3425 1050 3505 ὑφ’ᾦο.ὃγ1δυν3λ

41 3505 92 3560 ἀπὸ
106 3505 294 3577 ῬωμαίωνΒ
358 3513 393 3561 24
406 3505 536 3576 Ὁράτιον
556 3506 578 3560 Ο
597 3503 752 3575 praeterl)
815 3509 850 3559 28
870 3497 988 3574 έταίρων
1007 3503 1053 3556 Bb
