2400 3912
288 180 309 216 ⁶
471 239 505 249 -
543 211 566 261 Δ
603 239 637 250 -
1021 208 1064 273 35

59 370 170 457 φοράς·
202 382 271 449 τοϊς
294 367 325 436 δ’
347 371 470 440 ἐλάττω
493 382 562 437 τῶν
586 372 711 437 ίκανῶν
735 368 947 455 κεκτημένοις
972 371 1065 456 ἀφεί-

17 485 138 543 ῶεσθαι
157 479 293 545 πάντων
315 479 476 564 ὀχληρῶν.
509 478 614 543 ἐποίει
637 474 674 543 δέ
697 477 825 543 τούτων
844 476 985 543 ἕκαστον
993 478 1099 578 ίούκβ

58 585 126 670 ἀτερ
156 588 276 668 αἰτίας,
306 585 389 651 ἀλλά
411 582 644 669 πεπεισμένος,
673 585 724 650 ὅτι
747 592 848 648 πᾶσιν
872 577 1087 671 ἀνθρώποις)

57 685 136 756 ἀθλα
171 703 238 758 τῶν
270 691 426 776 πολέμων
459 690 528 758 ἐστὶ
560 693 601 758 τά
632 695 781 777 χρήματα
812 688 868 755 καὶ
900 688 975 775 περὶ
1007 699 1065 774 της

56 798 174 864 τούτων
207 803 360 884 φυλακῆς
387 799 531 876 ἀπαντες
558 804 823 864 κακοπαθοῦσιν·
861 796 973 882 ὀρθῶς
1001 791 1090 862 οὖνὸ

56 906 134 986 ἔχειν
170 903 253 992 ρ’ίετο
290 907 370 983 τοὺς
406 902 468 990 μὲν
505 904 580 990 περὶ
612 907 773 989 μειζόνων
805 903 1065 980 κινδυνεύοντας

55 1009 162 1075 ἀθλωυ
180 1014 335 1096 μείζονας
353 1011 535 1095 ὑπομένειν
553 992 779 1087 κακοπαθείας
796 1019 867 1086 τοῖς
885 1031 919 1074 τε
934 1010 1065 1094 σώμασι

54 1113 192 1194 καὶτοῖς
215 1120 376 1204 χρήμασι,
400 1120 479 1195 τοὺς
502 1113 540 1183 δὲ
563 1114 638 1204 περὶ
661 1115 846 1182 ἐλαττόνων
869 1111 969 1199 ἧττον
993 1116 1064 1182 ένο-

54 1227 200 1304 ηλεῑσθαι
221 1220 294 1290 κατ’
317 1223 505 1309 ἀμφότερα,
529 1227 607 1301 τοὺς
631 1219 668 1289 δὲ
691 1221 764 1308 περὶ
790 1213 933 1308 μηδενὸς
957 1223 1064 1287 δεδοι-

54 1331 142 1407 κότας
168 1328 277 1415 μηδὲν
304 1337 526 1414 κακοπαθεῖν,
554 1340 621 1396 τῶν
645 1327 706 1415 μὲν
730 1331 899 1415 εἰσφορῶν
922 1329 1064 1394 ἀπολυο-
1079 1349 1104 1387 10

54 1433 165 1516 μένους
197 1439 254 1502 διά
281 1437 343 1520 την
372 1437 530 1524 ἀπορίαν,
561 1447 629 1503 τῶν
658 1434 695 1502 δέ
719 1445 900 1521 στρατειῶν
917 1435 979 1526 βιά
1001 1437 1064 1518 τὴν

55 1539 276 1628 ἀνεισφορίαν.
314 1544 355 1610 ού
378 1546 442 1628 μάρ
467 1543 655 1628 ἐλάμβανον
674 1542 710 1608 έκ
727 1551 788 1607 τοῦ
807 1543 971 1625 δημοσίου
989 1543 1064 1606 τότε

53 1643 197 1733 Ῥωμαῖοι
224 1652 482 1735 στρατιωτικοὺς
505 1651 664 1734 μισθούς,
694 1649 777 1714 ἀλλά
799 1659 869 1724 τοῖς
893 1649 992 1723 ίδίοις
1013 1647 1063 1713 τέ-

56 1759 138 1820 λεσιν
171 1755 420 1842 ἐστρατεύοντο.
466 1756 541 1820 ούτε
575 1756 616 1838 δὴ
648 1758 798 1839 χρήματα
830 1751 1099 1838 συνεισφέρειν4

55 1864 124 1940 τοὺς
151 1863 215 1928 ούκ
243 1865 395 1948 ἔχοντας,
423 1862 552 1928 ὁπόθεν
575 1863 860 1943 συνεισοίσουσιν,
890 1861 973 1925 ἀλλά
996 1870 1062 1924 τῶν
1077 1877 1104 1918 15

19 1965 125 2036 ῶεκαθ
146 1967 276 2055 ἡμέραν
295 1970 487 2054 ἀναγκαίων
506 1966 758 2053 ἀπορουμένους
776 1967 858 2055 ᾤετο
878 1968 962 2051 δεῖν,
987 1967 1063 2032 οὔτε

55 2073 151 2158 μηδὲν
190 2074 489 2160 συμβαλλομένους
526 2075 771 2160 στρατεύεσθαί
803 2097 896 2150 τινας
928 2072 964 2138 έκ
995 2083 1062 2137 τῶν

56 2179 230 2266 ἀλλοτρίων
266 2179 557 2265 ὀψωνιαζομένους
588 2180 779 2266 χρημάτων,
813 2180 922 2263 ὥσπερ
957 2181 1060 2261 [τοὺς]

54 2290 288 2373 μισθοφόρους.

112 2395 182 2460 ΧΧ.
209 2398 339 2459 Τοῦτον
364 2391 401 2458 δὲ
424 2393 483 2458 τὸν
506 2395 631 2477 τρόπον
650 2391 739 2458 άπαν
758 2388 885 2467 έπνθεὶς
902 2392 939 2454 τὸ
960 2391 1062 2473 βάρος
1076 2411 1102 2450 εο

55 2511 116 2578 τοῖς
136 2503 311 2576 πλουσίοις
334 2509 401 2564 τῶν
420 2522 455 2564 τε
473 2500 644 2563 κινδύνων
662 2495 718 2564 καλ
736 2508 804 2562 τῶν
824 2497 1061 2582 ἀναλωμάτων,

55 2606 92 2683 ὡς
122 2602 211 2672 εἶδεν
246 2606 516 2689 ἀγανακτοῦντας
546 2605 683 2687 αὐτούς,
718 2603 761 2669 δι’
789 2603 904 2689 ἑτέρου
935 2607 1062 2691 τρόπον

54 2715 107 2795 την
132 2710 163 2778 τ’
195 2713 346 2797 ἀθυμίαν
376 2711 487 2778 αὐτῶν
511 2714 771 2798 παρεμυθήσατο
794 2710 850 2777 καὶ
872 2712 934 2795 τὴν
957 2711 1061 2796 ὀργὴν

55 2817 187 2902 έιτράυυε
211 2818 439 2904 πλεονέκτημα
463 2818 710 2902 δωρησάμενος,
734 2816 767 2896 ἐξ
786 2813 827 2883 οὗ
845 2818 951 2901 πάσης
970 2821 1061 2901 έμελ-

55 2929 108 2990 λον
133 2937 190 3010 της
212 2929 380 3002 πολιτείας
404 2929 541 2990 ἔσεσθαι
564 2926 689 3010 κύριοι,
717 2927 797 3002 τοὺς
819 2925 961 3008 πένητας
974 2911 1060 2988 ἀπε·
1074 2940 1100 2980 25

55 3031 145 3110 λύσας
163 3033 227 3098 ἀπὸ
247 3042 315 3097 τῶν
333 3041 472 3097 κοινῶν·
496 3027 551 3095 καὶ
569 3038 668 3095 τοῦτο
684 3030 946 3117 διαπραξάμενος
959 3031 1060 3095 ἔλαθε

118 3187 396 3260 1τετιμημένοιςο
450 3184 630 3256 κεκτημένοις
653 3186 742 3242 Cobet
765 3187 830 3244 Oba.
854 3206 881 3256 p.
900 3191 934 3241 80
980 3157 982 3162 Ι
1027 3193 1058 3241 11

55 3265 102 3312 τῶν
115 3258 145 3316 δὲ
161 3293 194 3300 -
210 3259 348 3332 εἰσφορὰν
364 3277 417 3316 om.
432 3258 458 3312 A
494 3257 630 3328 εἰσφορὰν
646 3257 668 3311 0
706 3259 892 3384 ἀνεισφορίαν
907 3273 930 3310 ο.
945 3256 1060 3312 Fischer

56 3326 86 3382 de
102 3331 209 3401 aliquot
226 3332 297 3386 locis
315 3332 396 3386 Dion.
414 3336 483 3384 1859
501 3348 529 3400 p.
546 3335 577 3384 12
643 3335 676 3383 14
696 3329 759 3384 ούτε
778 3327 810 3384 δὲ
866 3346 935 3383 corr.
955 3329 1059 3384 Reiske
1088 3370 1091 3378 ,

87 3407 115 3457 18
131 3405 196 3466 τοὺς
220 3403 275 3460 del.
299 3402 389 3458 Cobet
412 3402 478 3457 obs.
496 3419 523 3471 p.
539 3406 573 3454 80
664 3407 697 3454 22
718 3403 778 3456 ίδεν
801 3401 848 3456 Ba
884 3397 960 3456 εἶδεν
982 3399 1059 3454 ABb

87 3480 115 3528 25
133 3474 325 3538 ἀπελάσαντες
344 3475 367 3529 Ο
386 3491 456 3529 corr.
477 3471 600 3526 Sintenis
619 3471 679 3526 Em.
698 3471 780 3527 Dion.
799 3473 826 3526 11
846 3480 878 3528 13

859 3563 898 3618 3*
