2394 3912
73 179 140 244 406
503 181 662 234 -ς-

72 352 160 408 τῖνοι
183 345 377 427 συνέθηκαν
397 344 481 428 πρὸς
499 341 664 425 ἀλλήλους
682 341 864 427 ὀμόσαντες
881 335 962 406 καθ’
981 341 1096 424 ίερῶν.

72 448 258 534 ἐψηφίσατο
279 447 315 514 δὲ
334 447 389 514 καλ
407 452 530 526 θυσίας
549 448 736 514 ἀποδοῦναι
754 459 824 525 τοῖς
838 454 934 525 θεοῖς
947 447 969 531 ἡ
983 447 1097 531 βουλὴ

71 558 306 640 χαριστηρίους
343 553 395 621 ἐπὶ
431 566 504 632 ταῖς
535 556 619 641 πρὸς
650 554 710 620 τὸν
742 555 851 639 θήμον
884 556 1096 638 διαλλαγαῖς,

71 667 259 747 προσθεῖσα
295 663 375 746 μίαν
411 659 538 747 ἡμέραν
573 671 645 738 ταῖς
676 659 896 746 καλουμέναις
928 664 1098 738 Λατίναις

45 767 202 852 σέορταῖς
231 765 330 834 δυσὶν
358 767 489 852 οὔσαις,
517 770 579 852 τήν
602 765 664 854 μὲν
687 769 823 852 πρώτην
845 768 1099 853 ἀνιερώσαντος

73 873 235 959 βασιλέως
263 878 463 960 Ταρκυνίου,
486 873 564 940 καθ’
588 875 629 940 ὃν
651 877 776 961 χρόνον
799 874 932 960 ἐνίκησε
960 879 1097 960 Τυρρη-

72 983 166 1060 νούς·
196 983 257 1065 τήν
282 978 312 1045 δ’
336 980 452 1068 ἑτέραν
474 991 535 1048 τοῦ
559 984 668 1066 δήμου
690 980 909 1067 προσθέντος,
934 982 988 1048 ὅτε
1012 985 1098 1059 τοὺς

72 1093 219 1173 βασιλεῖς
242 1088 392 1174 ἐκβαλὼν
415 1086 598 1175 ἐλευθέραν
621 1088 756 1174 ἐποίησε
778 1090 841 1172 τήν
858 1091 972 1156 πόλιν·
997 1081 1095 1172 αίςή

72 1199 166 1282 τρίτη
199 1200 271 1263 τότε
298 1198 534 1282 προσενεμήθη
561 1205 621 1281 τῆς
646 1197 800 1262 καθόδου
828 1207 896 1262 τῶν
923 1194 1096 1262 ἀποστάν-

34 1281 140 1395 14οτῶν
158 1303 263 1370 ἕνεκα.
299 1304 362 1386 τήν
381 1301 418 1368 ιλέ
436 1306 642 1388 προστασίαν
660 1301 716 1370 καί
733 1305 796 1387 τήν
814 1302 1004 1388 ἐπιμέλειαν
1021 1313 1095 1368 τῶν

73 1411 111 1477 ἐν
139 1411 253 1488 αὐταῖς
280 1406 467 1494 γινομένων
494 1415 627 1476 θυσιῶν
653 1432 689 1476 τε
715 1407 771 1476 καὶ
798 1408 941 1493 ἀγώνιον
964 1409 1002 1475 ολ
1020 1420 1093 1474 τῶν

74 1517 255 1602 δημάρχων
280 1514 441 1601 ὑπηρέται
463 1515 669 1601 παρέλαβον,
697 1517 733 1581 οί
751 1517 815 1600 τήν
837 1525 903 1582 νῦν
925 1516 1093 1601 ἀγορανο-

74 1626 173 1708 μικήν
192 1627 322 1710 ἔχοντες
340 1621 504 1706 ἐξουσίαν,
528 1623 639 1708 ὥσπερ
658 1625 756 1707 ἔφην,
779 1621 1007 1707 κοσμηθέντες
1023 1623 1092 1688 ὑπὸ

73 1740 131 1815 τῆς
157 1734 280 1814 βουλῆς
307 1731 466 1817 πορφύρᾳ
493 1727 548 1795 καλ
571 1732 688 1818 θρόνῳ
712 1729 917 1818 ἐλεφαντίνῳ
941 1727 1091 1806 καὶτοῖς

35 1853 60 1894 1⁵
74 1840 187 1915 ἄλλοις
209 1836 390 1922 ἐπισήμοις,
415 1829 465 1914 οἷς
487 1831 578 1922 εἶχον
601 1838 638 1902 οἱ
657 1840 812 1920 βασιλεῖς.

140 1961 350 2028 LXXXXVI.
377 1961 427 2028 Οὐ
450 1966 561 2050 πολλῷ
587 1957 618 2026 θ’
640 1961 782 2045 ὕστερον
804 1962 915 2048 χρόνῳ
938 1969 998 2045 τῆς
1016 1960 1154 2046 ἑορ1263

73 2078 131 2153 τῆς
153 2080 221 2135 τῶν
244 2070 414 2136 ὑπατικῶν
439 2061 485 2146 εἷς
503 2070 674 2152 Μενήνιος
693 2065 873 2153 Ἀγρίπποις
897 2067 1088 2152 ἐτελεύτησε

73 2177 133 2242 τὸν
155 2179 242 2260 βίον,
267 2175 285 2241 ὁ
308 2180 447 2260 νικήσας
470 2177 641 2259 Σαβίνους
663 2171 719 2240 καὶ
741 2174 801 2239 τὸν
824 2173 857 2253 ἐξ
881 2174 993 2241 αὐτῶν
1013 2178 1088 2260 θρί·

74 2287 183 2367 αμβον
201 2282 466 2368 ἐπιφανέστατον
484 2281 690 2365 καταγαγών,
710 2270 737 2369 ᾦ
756 2285 932 2345 πεισθεῖσα
945 2282 966 2365 ἡ
981 2283 1087 2365 βουλή

34 2407 61 2446 20
74 2390 134 2472 τήν
162 2391 314 2456 κάθοδον
342 2388 498 2474 ἐπέτρεψε
526 2401 595 2465 τοῖς
618 2388 760 2474 φυγάσι,
788 2383 843 2452 καλ
866 2387 885 2452 ὁ
909 2388 1012 2473 δῆμος
1034 2409 1087 2453 πι-

74 2497 214 2572 στεύσας
250 2495 371 2579 ἀπέστη
408 2506 476 2561 τῶν
512 2495 637 2560 ὅπλων·
678 2492 733 2560 καὶ
770 2493 873 2559 αὐτὸν
905 2495 1034 2574 ἔθαψεν
1066 2495 1086 2578 ή

73 2607 169 2680 πόλις
201 2604 345 2690 δημοσίῳ
374 2601 429 2668 καλ
460 2603 617 2686 καλλίστη
650 2601 784 2666 πάντων
812 2599 1005 2686 ἀνθρώπων
1032 2599 1086 2666 καὶ

74 2710 285 2796 λαμπροτάτη
315 2717 412 2795 ταφή.
458 2707 557 2774 οὐσία
585 2708 650 2792 γὰρ
678 2707 740 2773 οὐκ
767 2703 810 2791 ήν
837 2709 882 2796 τῷ
910 2704 1010 2793 ἀνδρὶ
1041 2709 1087 2784 είς

75 2815 356 2903 μεγαλοπρέπειαν
380 2814 555 2900 ἐκκομιδῆς
576 2811 631 2879 καλ
654 2821 761 2898 ταφῆς
784 2813 974 2899 ἀποχρῶσα·
1003 2815 1085 2879 ὥστε

147 3089 160 3137 1
181 3081 376 3150 συνεθήκαντο
396 3096 418 3134 c.
437 3078 542 3133 Reiske
627 3083 645 3132 4
662 3083 725 3140 ταῖς
742 3084 791 3146 τῆς
809 3075 985 3147 καλουμένης
1002 3081 1086 3133 Λατί-

73 3176 125 3224 νης
148 3149 245 3224 ἐορτής
266 3153 314 3207 vel
335 3157 397 3214 ταῖς
419 3158 474 3214 τῶν
497 3147 678 3219 καλουμένων
701 3151 830 3204 Λατίνων
854 3142 958 3220 ἑορτῶν
983 3165 1004 3204 ο,
1024 3149 1086 3218 Syl-

36 3251 38 3256 ·
73 3227 147 3293 burg
201 3223 285 3278 ῶκαλ
303 3222 354 3291 τὴν
372 3219 424 3291 μὲν
444 3254 475 3261 -
496 3221 729 3291 ἀνιερώσαντοΑ
783 3215 954 3289 6ἐνίκησαν
974 3221 996 3276 0
1016 3238 1084 3275 corr.

74 3296 175 3348 Portus
252 3291 347 3348 9τότε
367 3291 473 3346 οόά,Β
552 3299 586 3346 14
603 3289 721 3362 θρόνοις
740 3286 975 3361 ἐλεφαντίνοιςΒ
1052 3297 1084 3344 17
1194 3351 1195 3364 ¹

51 3372 131 3434 Ιτῶν
153 3361 267 3417 ὑπάτων
289 3363 315 3415 Α
407 3368 439 3416 18
462 3357 552 3417 έπὈ
590 3357 619 3428 ἐξ
642 3361 786 3432 Kiessling
877 3367 910 3417 19
928 3361 1084 3432 ἀγαγὼνΟ
1194 3367 1195 3380 ’

76 3433 242 3503 καταγαγὼν
261 3431 404 3501 Kiensling
422 3432 465 3487 Pr.
485 3432 548 3486 Bas.
567 3450 595 3500 p.
614 3438 630 3486 5
