2384 3902
43 177 196 242 ’264
559 178 720 228 -ἳ-

129 337 250 406 πολλαί
273 349 403 424 γνῶμαι
426 336 621 423 ἐλέχθησαν.
659 336 695 402 οἰ
714 331 776 420 μὲν
798 337 863 423 γὰρ
885 335 919 414 ἐξ
937 335 1068 420 ἐφόδου
1087 360 1140 420 χω·

120 456 203 532 ’ρεῑν
221 445 338 530 ἠξίουν
357 441 409 512 ἐπὶ
427 445 507 520 τοὺς
525 443 591 528 ἅμα
608 449 655 530 τῷ
674 443 844 528 δικτάτορι
857 441 1141 526 καταλαβομένους

129 553 168 618 τὸ
192 553 281 637 ὅρος,
304 549 366 630 ἕως
389 552 437 616 ἔτι
458 545 546 633 ἦσαν
569 548 683 625 αύτοίς
704 550 856 634 φοβεροί,
881 548 943 614 οὐκ
966 549 1141 633 ἀσφαλείας

131 668 270 743 σημείου
298 652 385 722 εἰναι
411 658 602 740 νομίζοντες
624 655 685 739 τὴν
707 665 776 719 τῶν
799 654 928 740 ἐχυρῶν
951 655 1138 738 κατάληψιν,

102 763 216 828 οάλλά
239 764 376 839 δειλίας·
409 763 444 828 οἰ
464 758 501 827 δὲ
524 765 603 838 τοὺς
626 757 688 845 μὲν
710 759 1030 845 ἀποταφρεύσαντας
1052 761 1139 846 ὀλίγη

130 866 199 936 τινὶ
225 871 411 954 κατείργειν
438 872 588 953 φυλακῇ,
615 867 677 950 τὴν
705 863 736 931 δ’
759 868 865 950 ἀλλην
893 868 1040 950 δύναμιν
1071 868 1139 932 ἀνα-

131 977 295 1058 λαβόντας
319 971 372 1040 ἰπί
393 975 455 1058 την
474 969 602 1058 Ῥώμην
625 974 719 1055 ἀγειν
742 972 787 1050 ὡς
806 972 928 1060 ῥᾳδίαν
947 973 1076 1039 ἁλῶναι
1093 985 1140 1056 τῆς

131 1083 308 1166 κρατίστης
334 1083 490 1164 νεότητος
513 1078 764 1164 ἐξεληλυθυίας·
787 1080 823 1144 οἰ
844 1076 883 1160 δὲ
904 1081 962 1157 τὰς
979 1080 1139 1146 Οὐολούσ-

132 1211 201 1252 κων
222 1210 258 1252 τε
281 1184 426 1252 καὶτῶν
449 1187 561 1252 ἀλλων
584 1187 766 1271 σνμμάχων
790 1188 953 1270 βοηθείας
971 1184 1140 1269 ἀναμένειν

92 1312 119 1351 10
132 1293 381 1376 συνεβούλευον
411 1295 452 1358 τὰ
481 1290 711 1378 ἀσφαλέστερα
740 1293 805 1377 πρὸ
833 1302 901 1358 τῶν
928 1291 1140 1378 θρασυτέρων

132 1398 367 1486 αἱρουμένους·
395 1396 576 1484 Ῥωμαίους
598 1395 659 1484 μὲν
681 1400 746 1483 γὰρ
765 1395 871 1464 οὐθέν
890 1398 1095 1464 ἀπολαύσειν
1112 1396 1183 1462 έκὶθῶ

131 1515 190 1591 τῆς
208 1509 323 1590 τριβῆς
336 1514 396 1571 τοῦ
410 1507 547 1590 χρόνον,
567 1503 697 1582 ἑαυτοῖς
711 1500 749 1569 δέ
763 1505 999 1589 βραδυνόμενα
1012 1507 1140 1590 κρείττω

98 1614 335 1696 3γευησεσθαι
357 1613 398 1676 τὰ
421 1611 604 1697 πράγματα.
641 1613 689 1676 ἔτι
712 1607 743 1675 δ’
762 1609 874 1676 αὐτῶν
893 1609 1141 1694 βουλευομένων

133 1712 213 1799 ἧκεν
236 1717 273 1783 έιι
290 1713 414 1802 Ῥώμης
433 1717 450 1783 ὁ
470 1715 582 1802 ἕτερος
598 1726 666 1781 τῶν
685 1717 821 1782 ὑπάτων
840 1720 937 1793 Τίτος
952 1716 1142 1802 Οὐεργίνιος

94 1841 121 1881 15
135 1825 220 1908 ἔχων
243 1824 305 1906 την
329 1827 393 1889 σὺν
416 1821 522 1912 ἑαυτῷ
542 1823 688 1906 δύναμιν
707 1823 879 1906 αἰφνίδιος
897 1821 935 1887 έν
952 1831 993 1907 τῇ
1011 1826 1141 1888 κατόπιν

134 1927 230 1994 νυκτί
262 1929 323 2012 την
356 1929 438 1995 ὁδόν
471 1928 633 2004 διανύσας
664 1925 720 1993 καὶ
750 1928 1049 2015 στρατοπεδεύεται
1074 1929 1142 2011 δίχα

133 2045 194 2100 τοῦ
224 2035 416 2121 δικτάτορος
443 2031 497 2120 ἐφ’
525 2032 636 2120 ἑτέρας
664 2034 791 2119 ῥάχεως
819 2033 951 2121 ὀρεινῆς
978 2034 1066 2100 πάνυ
1094 2032 1142 2098 καί

134 2141 266 2230 ἐχυρᾶς·
299 2139 376 2208 ὥστ’
408 2140 651 2226 ἀμφοτέρωθεν
674 2140 931 2206 ἀποκεκλεῖσθαι
953 2143 1034 2218 τοὺς
1051 2144 1142 2204 Λατί-

114 2272 216 2327 νους
243 2260 310 2314 τῶν
338 2246 392 2314 ἐπὶ
414 2249 476 2330 την
498 2249 660 2331 πολεμίαν
684 2245 825 2329 ἐξόδων,
853 2256 914 2312 τοῦ
937 2243 1001 2331 μέν
1023 2248 1142 2314 ὑπάτου

94 2374 122 2414 20
135 2366 204 2420 τῶν
226 2355 409 2440 ἀριστερῶν
432 2352 693 2439 προκαθημένου
716 2364 838 2438 μερῶν,
861 2362 923 2418 τοῦ
946 2349 985 2418 δέ
1005 2354 1142 2418 δικτάτο-

98 2463 121 2526 4
136 2484 194 2547 ρος
216 2472 285 2526 τῶν
305 2460 431 2540 δεξιῶν.
469 2463 517 2526 ἔτι
535 2456 573 2524 δὲ
589 2462 744 2536 πλείονος
762 2468 905 2545 ταραχῆς
924 2461 1142 2544 κατασχούσης

134 2569 213 2643 τοὺς
237 2563 338 2632 οὐδὲν
360 2571 477 2632 πλείου
499 2576 567 2631 τῶν
589 2565 751 2650 ἀσφαλῶν
769 2565 1017 2651 προελομένους
1034 2565 1141 2648 ἡγεμό-

134 2698 196 2750 νας
218 2671 273 2739 καί
293 2672 400 2756 δέους,
424 2673 468 2757 μη
487 2673 528 2737 τδι
547 2673 651 2736 οἰκεία
669 2671 754 2756 <ού>
771 2673 880 2737 πολλδι
898 2673 980 2737 ὅντα
999 2674 1142 2738 δαπανᾶν

138 2779 385 2862 ἀναγκάζωνται
408 2778 644 2864 βραδύνοντες,
668 2777 788 2861 μαθὼν
808 2776 825 2842 ὁ
846 2779 1045 2860 Ποστόμιος,
1068 2777 1141 2842 ὅσον

96 2907 122 2947 ετ
136 2882 179 2970 ἦν
207 2885 244 2951 έν
271 2885 385 2962 αὐτοῖς
411 2886 449 2950 τὸ
473 2885 612 2970 ἄπειρον
635 2886 847 2970 στρατηγίας,
875 2884 996 2968 πέμπει
1018 2886 1073 2948 τὸν
1093 2882 1140 2946 ίπ-

209 3084 225 3134 5
245 3077 517 3200 ἀποταφρὲύσαντας
531 3077 633 3138 αύτούς
647 3075 725 3146 ὀλίγη
740 3092 762 3132 ο.
778 3075 1019 3144 θρασύτεραι
1070 3079 1083 3128 8
1101 3067 1141 3137 ἐξ·

140 3147 352 3271 εληλυθυί<αὲς
398 3149 417 3202 b
473 3153 505 3201 11
526 3144 749 3216 ἀναιρουμένους
762 3146 814 3198 ΑΒ
831 3149 835 3211 Ι
852 3143 937 3200 οὐδὲν
952 3145 1064 3215 ἀγαθὸν
1077 3145 1140 3224 ἀπο-

140 3219 252 3272 λαόοειν
273 3234 294 3271 ο.
337 3218 404 3272 obet
423 3217 487 3273 Obs.
502 3234 529 3285 p.
546 3224 597 3272 108
652 3222 685 3270 13
704 3215 877 3286 γενέσθαιΟ
897 3232 967 3270 corr.
985 3213 1138 3281 Kiesshngl

141 3284 168 3338 δ’
187 3286 282 3339 om.B
357 3293 388 3340 15
408 3285 553 3357 αἰφνίδιος
574 3287 650 3340 AB&
686 3285 837 3355 αἰφνιδίως
855 3286 902 3339 Bb
977 3293 1010 3341 18
1029 3281 1141 3354 ἀμφοτέ-

144 3375 199 3420 ρων
219 3354 240 3406 0
278 3354 483 3424 ἀμφοτέρωθεν
507 3355 595 3410 Cobet
614 3357 678 3410 Obs.
697 3374 723 3426 p.
740 3363 790 3411 108
863 3363 896 3411 23
917 3357 950 3410 οἰ
970 3373 1024 3410 om.
1044 3353 1141 3409 Oadd.

146 3422 266 3488 Sylburg
315 3432 349 3478 24
363 3427 618 3498 ἀνα<γκ>αζωνται
630 3425 661 3480 in
674 3433 756 3482 ram
771 3427 826 3484 litt,
838 3427 859 3478 Β
877 3429 881 3496 Ι
896 3423 1142 3496 ποστούμιοςΑΒί)
