2400 3912
448 210 612 262 -Δ-
995 205 1039 270 45

38 373 109 436 κίαν.
141 377 245 436 ταῦτα
268 365 329 454 μὲν
348 363 411 436 οὖν
429 377 487 453 τῆς
503 365 698 446 ὑποθέσεως
717 367 920 453 ἀπαιτούσης
938 368 1039 452 άναγ-

37 477 121 540 κοῖόν
144 498 179 542 τε
201 473 259 541 καὶ
281 477 412 543 δίκαιον
436 473 551 554 ἔδοξεν
574 470 666 541 εἰναί
685 499 742 560 μοι
764 478 847 562 πρὸς
869 479 948 554 τοὺς
971 476 1040 542 ἐπι·

37 593 281 668 τιμῶντας-τοίς
298 580 469 667 Ῥωμαίων
493 585 608 650 ἔθεσιν
632 585 744 649 εἰπεῖν.

91 689 193 756 XXV.
224 686 260 756 ‘0
292 687 329 756 δέ
360 690 501 767 Τύλλιος
528 689 591 755 οὐκ
618 688 654 755 ἐν
681 690 813 767 τούτοις
838 691 945 773 μόνον
971 699 1041 768 τοῖς

37 797 243 881 πολιτεύμασι
276 797 453 881 δημοτικὸς
485 796 534 861 ὢν
565 794 749 880 ἐδήλωσεν,
782 793 819 861 ἐν
851 788 901 874 οἷς
933 796 1076 864 ἐδόκειε

36 904 88 984 την
115 925 151 968 τε
180 912 240 987 τῆς
269 906 392 987 βουλῆς
419 900 574 981 ἐξουσίαν
601 901 657 968 καὶ
684 903 836 986 τὴντῶν
858 905 1041 989 πατρικίων

38 1009 228 1075 δυναστείαν
256 1009 429 1092 ἐλαττοῦν,
458 1009 542 1075 ἀλλὰ
568 1007 621 1075 καί
647 1009 686 1075 ἐν
708 1001 758 1086 οἷς
780 1011 842 1093 τὴν
866 1011 1042 1094 βασιλικὴν

36 1113 132 1200 ἀρχὴν
160 1115 319 1200 ἐμείωσεν
343 1116 442 1194 αὐτὸς
465 1114 587 1182 ἑαυτοῦ
609 1117 671 1200 την
694 1115 848 1201 ἡμίσειαν
870 1126 928 1202 τῆς
949 1114 1043 1195 ἐξου·

36 1224 101 1298 σίας
127 1222 341 1307 ἀφελόμενος.
377 1233 445 1289 τῶν
472 1223 537 1308 γάρ
562 1224 626 1308 πρὸ
651 1222 755 1288 αὐτοῦ
774 1221 938 1307 βασιλέων
961 1224 1078 1295 διττά-2

37 1345 88 1405 σας
109 1327 295 1406 ἀξιούντων
316 1317 372 1414 ’ἐφ’
395 1328 534 1406 ἑαυτοὺς
557 1330 651 1413 άγειν
673 1332 731 1406 τδις
750 1331 844 1406 δίκας
861 1328 916 1395 καί
934 1331 1043 1396 πάντα
1054 1359 1079 1399 ιο

37 1435 70 1498 τὰ
95 1434 280 1520 ἐγκλήματα
307 1436 348 1501 τά
370 1434 401 1500 τ’
428 1437 498 1502 ἰδια
520 1433 576 1501 καί
598 1437 638 1500 τὰ
661 1437 757 1502 κοινδ
780 1437 863 1521 πρὸς
883 1438 944 1502 τὸν
968 1435 1043 1503 ἑαυ-

38 1551 95 1605 τῶν
117 1545 243 1628 τρόπον
267 1543 470 1620 δικαζόντων
493 1541 618 1620 ἐκεῖνος
641 1544 762 1609 διελὼν
783 1542 847 1608 άπὸ
865 1552 932 1608 τῶν
952 1544 1043 1608 ἰδιω-

38 1659 128 1713 τικῶν
154 1651 195 1713 τὰ
223 1650 381 1733 δημόσια,
409 1659 477 1714 τῶν
505 1646 567 1733 μὲν
593 1651 642 1727 εἰς
668 1651 705 1715 τὸ
727 1651 845 1716 κοινὸν
868 1652 1043 1735 φερόντων

39 1753 241 1840 ἀδικημάτων
273 1755 373 1832 αὐτὸς
404 1753 548 1821 ἐποιεῖτο
579 1756 637 1834 τὰς
668 1757 878 1840 διαγνώσεις,
911 1766 978 1822 τῶν
1007 1750 1040 1821 δ’

13 1862 211 1927 01ἰδιωτικῶν
241 1861 374 1938 ἰδιώτας
401 1861 514 1941 ἔταξεν
543 1856 629 1927 εἰναι
657 1863 827 1947 δικαστάς,
861 1864 962 1950 ὅρους
988 1861 1044 1929 καί
1054 1891 1079 1931 15

39 1971 172 2047 κανόνας
196 1967 310 2046 αὐτοῖς
332 1968 441 2052 τάξας,
465 1968 524 2046 οὓς
548 1967 647 2046 αὐτὸς
665 1970 789 2054 ἔγραψε
807 1973 941 2055 νόμους.
973 1969 1078 2041 ἐπεί3

40 2072 68 2138 δ’
97 2077 182 2164 αὐτῷ
220 2077 260 2140 τὰ
296 2074 332 2142 ἐν
367 2084 406 2160 τῇ
442 2078 537 2141 πόλει
568 2075 744 2159 πράγματα
775 2077 836 2142 τὸν
868 2078 1044 2161 κράτιστον

40 2183 156 2266 εἰλήφει
179 2184 317 2266 κόσμον,
337 2184 384 2260 εἰς
406 2181 589 2267 ἐπνθυμίαν
612 2177 719 2265 ἦλθεν
741 2182 901 2267 ἐπιφανές
922 2207 954 2250 τι
973 2186 1044 2250 δια-

40 2287 235 2374 πραξάμενος
259 2289 397 2355 αἰώνιον
421 2287 543 2355 ἑαυτοῦ
561 2291 695 2374 μνήμην
713 2300 783 2367 τοῖς
802 2289 1044 2374 ἐπιγινομένοις

40 2400 230 2461 καταλιπεῖν.
255 2394 391 2479 ἐφιστὰς
406 2392 443 2462 δὲ
457 2397 518 2479 τὴν
528 2396 682 2461 διάνοιαν
697 2394 750 2461 ἐπὶ
760 2397 800 2461 τά
813 2406 882 2462 τῶν
896 2395 1043 2482 ἀρχαίων
1053 2423 1079 2462 εο

41 2500 194 2580 βασιλέων
217 2525 252 2583 τε
275 2499 330 2566 καί
349 2507 530 2568 πολιτικῶν
548 2501 683 2588 ἀνδρῶν
701 2514 855 2588 μνημεῖα,
878 2502 912 2580 ἐξ
931 2497 979 2568 ὧν
997 2506 1045 2581 εἰς

42 2605 175 2692 ὀνόματα
204 2605 258 2673 καί
289 2607 387 2686 δόξας
413 2613 604 2694 προῆλθον,
638 2609 714 2673 ούτε
740 2618 802 2674 τοῦ
824 2612 1045 2692 Βαβυλωνίου

42 2716 159 2798 τείχους
181 2713 359 2800 ἐμακάρισε
381 2716 444 2798 τὴν
460 2709 638 2802 Ἀσσυρίαν
658 2714 789 2798 ἐκείνην
807 2726 949 2799 γυναῖκα
968 2719 1044 2783 ούτε

44 2830 102 2883 τῶν
130 2821 166 2887 ἐν
193 2819 331 2906 Μέμφει
362 2821 561 2906 πυραμίδων
587 2822 666 2897 τοὺς
693 2822 867 2905 Αἰγύπτου
899 2827 1045 2907 βασιλεῖς

45 2925 105 2989 οὔτ’
132 2935 164 2992 εἰ
180 2951 231 3005 τις
255 2929 337 3012 άλλη
361 2929 508 2994 πλούτου
527 2925 582 2992 καί
600 2930 811 3014 πολυχειρίας
829 2929 984 3009 ἐπίδειξις
1002 2926 1080 3014 ἦνεε

45 3029 166 3117 ἀνδρὸς.
182 3033 361 3119 ἡγεμόνος,
394 3034 477 3100 ἀλλὰ
503 3042 607 3099 ταῦτα
634 3035 741 3100 πάντα
768 3037 869 3121 μικρδι
895 3035 950 3101 καὶ
978 3037 1045 3102 ὀλι-

46 3143 190 3224 γοχρόνια
216 3138 272 3206 καί
295 3141 358 3207 ούκ
381 3140 456 3220 άξια
478 3141 628 3226 σπουδῆς
650 3141 858 3226 ἡγησόμενος
881 3143 989 3222 όύεύς
1011 3138 1042 3208 τ’

108 3335 122 3385 ό
139 3307 336 3404 πολιτεύμασιν
354 3334 377 3387 Β
402 3338 407 3402 Ι
433 3333 551 3389 ἰδιωτῶν
569 3333 595 3388 Α
665 3340 703 3389 ’16
722 3331 884 3404 συνέγραψε
905 3352 928 3390 ο.
951 3335 1046 3391 Kiess·

47 3397 100 3470 ling
117 3397 126 3414 '
164 3412 197 3460 21
217 3407 331 3475 ἀνδρῶν
350 3405 414 3461 add.
434 3406 457 3458 B
477 3413 481 3464 Ι
502 3404 543 3469 εἰς
561 3404 651 3476 ὄνομα
668 3404 717 3460 καὶ
736 3403 823 3472 δόξαν
842 3422 865 3460 c.
886 3405 1045 3478 Stephanus

78 3477 106 3528 λλ
124 3473 212 3546 διγεως
231 3477 280 3533 ἅτε
299 3475 410 3540 ἀπάτας
428 3493 451 3532 ο.
471 3476 574 3532 Reiske
