2400 3912
466 222 630 272 -Δ-
1016 217 1058 282 ’ίλ

571 305 589 340 N

51 392 110 448 τῶν
135 384 312 468 παρόντων
340 381 512 468 δεινότερα
538 380 751 464 ὑπώπτευον,
781 381 932 469 στέργειν
959 379 997 447 δὲ
1019 383 1060 448 τά

51 491 191 576 παρόντα
213 488 439 572 ἠναγκάζοντο
464 490 610 574 δύναμιν
628 489 691 554 οὐκ
709 491 839 574 ἔχοντες
856 489 999 555 κωλύειν
1017 489 1058 552 τά

51 598 259 683 πραττόμενα,

108 701 291 771 ΧΧΧΧΙΠ.
328 706 439 768 Ταῦτα
467 699 498 768 δ’
525 701 669 789 ὁρῶντες
696 703 732 768 οί
752 700 925 788 δημοτικοί
948 703 1059 768 δίκαια

51 809 182 895 πάσχειν
209 808 597 893 αὐτοδςδπελάμβανον
623 806 680 875 καί
702 807 878 894 ἐπέχαιρον
900 805 956 874 ὑπ’
984 809 1087 893 eim-⁵

52 919 149 1000 θείας,
173 916 219 993 ὡς
240 915 382 994 ἐκείνοις
404 918 521 1000 μόνοις
538 923 597 1000 της
613 917 816 1002 τυραννίδος
833 915 1059 1004 βαρείαςέσο-

52 1021 160 1107 μένης,
188 1024 285 1107 σφίσι
313 1016 346 1087 δ’
377 1021 492 1099 αὐτοῖς
515 1021 708 1088 ἀκινδύνου.
752 1017 812 1106 ἧκε
835 1019 872 1087 δὲ
894 1022 1061 1102 κάκείνοις

52 1130 87 1194 οὐ
109 1130 190 1215 μετά
213 1131 321 1195 πολὺν
343 1130 469 1215 χρόνον
492 1131 540 1194 ἔτι
562 1130 664 1194 πλείω
687 1129 728 1194 τά
749 1131 883 1213 χαλεπά.
923 1132 1004 1207 τούς
1025 1119 1066 1196 τε

52 1238 109 1321 γάρ
136 1238 262 1321 νόμους
289 1237 369 1312 τοὺς
394 1234 460 1300 ὑπὸ
492 1233 638 1301 Τυλλίου
664 1235 867 1322 γραφέντας,
895 1232 976 1302 καθ’
1002 1237 1063 1314 οὓς

11 1341 81 1420 λόῡέξ
104 1348 178 1409 ίσου
201 1343 242 1408 τά
266 1343 378 1407 δίκαια
400 1335 478 1428 παρ’
500 1341 654 1426 ἀλλήλων
676 1341 866 1426 ἐλάμβανον
883 1341 939 1408 καὶ
958 1341 1061 1410 οὐδὲν
1075 1355 1102 1396 1⁰

52 1447 112 1514 ὑπὸ
138 1459 205 1514 τῶν
232 1451 416 1533 πατρικίων
443 1449 489 1526 ὡς
510 1451 675 1534 πρότερον
697 1448 900 1532 ἐβλάπτοντο
923 1446 999 1535 περί
1021 1451 1061 1514 τά

53 1559 249 1640 συμβόλαια,
274 1554 401 1632 πάντας
424 1554 548 1620 ἀνεῖλε·
584 1543 640 1622 καί
663 1552 743 1620 οὐδὲ
765 1556 824 1633 τάς
847 1555 1000 1639 σανίδας,
1024 1553 1061 1621 ἐν

54 1653 102 1738 αἷς
132 1658 217 1744 ἦσαν
249 1659 488 1748 γεγραμμένοι,
520 1659 708 1745 κατέλιπεν,
740 1660 824 1726 ἀλλά
855 1659 911 1726 καὶ
941 1662 1062 1738 ταύτας

54 1773 296 1854 καθαιρεθῆναι
335 1768 493 1846 κελεύσας
530 1767 567 1833 ἐκ
602 1777 661 1852 τῆς
697 1767 822 1854 ἀγορᾶς
857 1766 1061 1854 διέφθειρεν.

56 1875 158 1939 ἔπειτα
180 1871 339 1940 κατέλυσε
361 1875 420 1951 τάς
442 1873 507 1939 ἀπὸ
529 1883 596 1939 τῶν
618 1875 809 1960 τιμημάτων
828 1875 989 1960 είσφοράς
1006 1847 1102 1963 καὶ,25

55 1979 223 2064 <είς>“τὸν
252 1979 285 2058 ἐξ
313 1979 416 2067 ἀρχῆς
442 1982 569 2066 τρόπον
594 1979 850 2064 ἀποκατέστησε·
886 1978 943 2047 καί
965 1981 1063 2046 ὁπότε

57 2087 197 2171 δεήσειεν
218 2086 307 2175 αὐτῷ
326 2086 515 2172 χρημάτων,
537 2088 576 2152 τὸ
595 2092 671 2153 ίσον
688 2088 855 2174 διάφορον
874 2085 1063 2156 ὁπενέστα-

57 2214 108 2269 τος
135 2200 180 2281 τῷ
213 2192 451 2279 πλουσιωτάτῳ
479 2190 648 2277 κατέφερε.
690 2202 790 2258 τοῦτο
817 2195 855 2259 τὸ
882 2196 1063 2279 πολίτευμα

57 2301 136 2364 πολὺ
152 2308 214 2366 τοῦ
234 2301 416 2384 δημοτικοῦ
434 2300 588 2382 πλήθους
605 2298 824 2384 ἀπανήλωσεν
838 2298 892 2366 ἐπὶ
904 2309 962 2384 τῆς
975 2302 1064 2386 πρόι-

58 2426 110 2488 της
130 2405 235 2483 εὐθὺς
257 2406 418 2491 είσφορᾶς
436 2403 705 2491 ἀναγκαζομένου
722 2406 805 2470 κατά
823 2407 973 2490 κεφαλὴν
991 2405 1063 2472 ἑκά·
1077 2420 1104 2461 2⁰

60 2526 131 2575 στου
154 2511 304 2596 δραχμάς
326 2508 406 2575 δέκα
428 2509 605 2594 είσφέρειν.
641 2511 808 2589 συνόδους
825 2534 861 2576 τε
879 2512 1064 2597 συμπάσας,

61 2614 133 2696 ὅσαι,
157 2618 323 2703 πρότερον
355 2616 509 2700 ἐγίνοντο
540 2627 702 2701 κωμητῶν
732 2617 753 2702 ἣ
781 2629 1017 2704 φρατριαστῶν
1043 2618 1064 2704 ἣ
1096 2609 1099 2616 ’

61 2725 212 2802 γειτόνων
237 2725 274 2788 ἔν
297 2746 332 2789 τε
356 2731 395 2809 τῇ
418 2725 512 2788 πόλει
535 2720 591 2788 καὶ
614 2723 669 2789 ἐπὶ
690 2735 758 2790 τῶν
781 2724 894 2812 ἀγρῶν
917 2723 970 2811 ἐφ’
993 2727 1065 2812 ίερδι

63 2826 109 2892 καί
137 2831 262 2906 θυσίας
293 2829 396 2894 ἀπασι
427 2831 543 2908 κοινάς
575 2841 713 2916 προεῖπε
739 2831 855 2918 μηκέτι
882 2839 1064 2915 συντελεῖν,

63 2933 110 2999 ἵνα
139 2938 183 3021 μὴ
216 2937 391 3013 συνιόντες
418 2938 465 3014 είς
492 2936 593 3002 ταύτὸ
622 2936 742 3004 πολλοὶ
769 2940 894 3022 βουλὰς
921 2939 1065 3026 ἀπορρη-
1079 2951 1105 2993 2⁵

63 3063 131 3118 τους
153 3039 222 3128 μετ’
245 3042 398 3128 ἀλληλων
420 3052 582 3109 ποιῶνται
603 3042 680 3131 περὶ
701 3047 911 3123 καταλύσεως
933 3055 990 3129 τῆς
1009 3045 1065 3131 ἀρ-

63 3157 121 3230 me·
158 3146 245 3234 ἦσαν
278 3147 311 3214 δ’
341 3151 430 3239 αὐτῷ
463 3157 612 3237 πολλαχῇ
642 3152 878 3239 διεσπαρμένοι
907 3155 1100 3218 κατόπται3

126 3340 212 3414 δέτι]
232 3340 275 3396 ὅτι
292 3343 319 3396 A
374 3349 406 3398 13
425 3343 573 3400 κατέλιπεν
592 3344 669 3398 ABb
697 3344 860 3400 κατέλειπεν
874 3345 921 3398 Ba
975 3349 1007 3399 16
1027 3342 1067 3407 είς
1145 3380 1149 3390 =

64 3409 120 3490 αδδ.
137 3412 280 3503 Kiessling
348 3419 383 3468 24
401 3414 536 3478 πάσαςΟ
572 3424 642 3470 πᾶσι
661 3416 784 3486 Sylburg
820 3416 909 3471 ἀπασι
927 3432 951 3470 υ.
971 3415 1066 3471 Kiess·
1188 3415 1189 3474 ί

64 3478 118 3552 hng
186 3491 219 3541 27
239 3487 257 3539 δ
288 3484 364 3541 ABa
400 3483 432 3540 δέ
450 3486 497 3540 Bb
687 3503 690 3510 ’
