2400 3912
447 217 611 268 -Δ-
994 215 1037 280 31

41 374 117 458 διχῇ,
139 376 380 460 τετταράκοντα
403 372 465 461 μὲν
487 374 622 458 ἐποίησε
644 373 816 461 νεωτέρων
834 378 964 460 λόχους,
988 369 1041 454 οἷς

40 480 87 555 τὰς
110 479 312 566 ὑπαιθρίους
340 479 489 548 άπέδωκε
516 484 702 565 στρατείας,
732 483 973 569 τετταράκοντα
1000 479 1040 549 δὲ

39 584 269 672 πρεσβυτέρων,
289 585 349 664 οὑς
366 587 435 652 ἔδει
453 595 511 670 τῆς
529 589 685 671 νεότητος
702 589 750 665 είς
767 590 913 672 πόλεμον
932 587 1038 667 έξιού-

38 705 87 774 σχς
106 691 334 776 ὑπομένοντας
356 691 394 758 έν
415 701 455 778 τῇ
478 695 573 760 πόλει
595 696 635 760 τὰ
653 694 747 771 ἐντὸς
763 697 894 778 τείχους
912 696 1037 779 φύλυτ·

14 811 102 862 ιετειν.
135 798 219 882 αὕτη
242 800 356 885 πρώτη
380 799 536 878 σύνταξις
556 796 614 884 ἦν·
645 800 757 886 χάραν
777 796 815 865 δέ
832 809 981 884 κατεῖχεν
1000 778 1073 891 gv}

38 911 94 980 τοῖς
110 903 267 989 πολέμοις
283 907 347 989 τὴν
365 905 680 991 προαγωνιζομένην
693 915 750 990 τῆς
764 906 936 991 φάλαγγος
949 906 1037 990 ὅλης.

38 1006 120 1073 ἔπειτ’
147 1009 183 1075 έκ
210 1021 279 1076 τῶν
307 1011 582 1097 ὑπολειπομένων
610 1011 726 1098 ἑτέραν
754 1009 877 1099 ὑφῄρει
904 1022 1038 1097 μοῖραν,

38 1105 77 1191 οἷς
96 1111 136 1199 ἦν
160 1114 254 1193 ἐντὸς
277 1114 339 1202 μὲν
361 1120 492 1204 μυρίων
512 1120 683 1204 δραχμῶν,
707 1119 748 1184 ού
772 1130 866 1204 μεῖον
886 1114 923 1184 δέ
940 1117 1039 1184 πέντε

36 1217 81 1283 καλ
105 1219 335 1308 ἑβδομήκοντα
362 1235 457 1310 μνῶν
484 1226 522 1290 τὸ
545 1228 677 1310 τίμημα.
716 1223 878 1303 συντάξας
902 1220 940 1290 δὲ
961 1225 1038 1290 τού-

36 1347 101 1404 τους
124 1330 170 1405 είς
188 1334 294 1394 εἴκοσι
313 1333 434 1415 λόχους
451 1332 492 1395 τά
510 1327 571 1414 μέν
589 1332 674 1396 άλλα
692 1343 812 1416 φορεῖν
832 1331 916 1396 ὑπλοι
934 1346 1036 1416 προσ·
1051 1361 1080 1400 ιο

38 1430 152 1518 ε’ταξεν,
176 1435 240 1500 ὅσα
262 1438 341 1513 τοὺς
363 1434 560 1522 προτέρους,
583 1439 663 1514 τοὺς
686 1433 723 1502 δέ
745 1436 903 1520 θώρακας
925 1435 1037 1500 αὐτῶν

37 1536 149 1623 ἀφεῖλε,
162 1537 219 1605 καλ
233 1538 307 1606 ἀντὶ
321 1550 389 1605 τῶν
404 1540 555 1607 ἀσπίδων
569 1541 715 1607 άνέδωκε
730 1543 885 1628 θυρεούς.
916 1542 1038 1606 διελὼν

40 1640 69 1707 δέ
87 1643 142 1711 καλ
162 1646 293 1710 τούτων
315 1648 394 1723 τοὺς
416 1643 500 1732 ὑπὲρ
523 1648 763 1734 τετταράκοντα
785 1644 841 1712 καὶ
864 1646 961 1712 πέντε
980 1649 1035 1730 ἔτη

36 1753 199 1832 γεγονότας
222 1751 286 1816 άπὸ
303 1762 373 1817 τῶν
391 1750 616 1837 ἐχόντωντὴν
634 1754 875 1838 στρατεύσιμον
892 1753 1035 1836 ἡλικίαν,

38 1855 104 1922 δέκα
130 1855 190 1942 μέν
217 1857 352 1940 ἐποίησε
380 1861 499 1942 λόχους
521 1856 709 1945 νεωτέρων,
738 1858 799 1936 οὑς
821 1859 889 1924 ἔδει
911 1878 1034 1944 προπου
1049 1886 1078 1927 ιε

37 1965 136 2046 λεμεῖν
155 1973 214 2048 τῆς
235 1967 373 2046 πόλεως,
398 1963 476 2030 δέκα
496 1961 533 2032 δὲ
550 1964 796 2053 πρεσβυτέρων,
820 1956 870 2043 οἷς
888 1962 1036 2030 ἀπέδωκε

37 2073 283 2153 τειχοφυλακεῖν.
322 2070 404 2154 αὕτη
420 2069 559 2156 δευτέρα
573 2070 726 2150 σύνταξις
739 2067 794 2155 ἣν,
817 2070 986 2156 ἐκοσμεῖτο
1002 2065 1033 2135 δ’

37 2171 69 2236 έν
94 2185 157 2251 τοῖς
184 2175 290 2258 ἀγῶσι
317 2177 398 2261 μετά
424 2177 504 2253 τοὺς
530 2177 729 2262 προμάχους.
766 2178 827 2261 τὴν
856 2173 893 2241 δέ
920 2179 1073 2262 τρίτην4

36 2276 127 2344 έποίει
152 2280 311 2358 σύνταξιν
339 2280 375 2346 έκ
397 2291 466 2346 τῶν
488 2281 776 2366 ὑπολειπομένων,
804 2282 878 2346 ὑσοι
900 2284 1035 2365 τίμησιν

38 2379 116 2469 εἶχον
146 2385 306 2452 ἐλάττονα
333 2383 395 2470 μὲν
422 2396 489 2452 τῶν
517 2385 769 2472 ἑπτακισχιλίων
795 2385 850 2452 καὶ
877 2409 1035 2452 πεντακο-
1049 2418 1076 2458 ιο

37 2493 108 2556 σίων
128 2493 297 2578 δραχμῶν,
322 2492 363 2557 οὑ
386 2494 504 2577 μείονα
528 2489 565 2558 δέ
588 2503 682 2576 μνῶν
705 2496 917 2575 πεντήκοντα.
959 2493 1035 2558 τού-

36 2616 92 2660 των
113 2594 142 2662 δ’
163 2598 301 2682 ἐμείωσε
324 2599 383 2663 τὸν
407 2598 571 2682 ὁπλισμὸν
595 2599 636 2664 οὐ
659 2601 767 2684 μόνον
784 2610 855 2676 τοῖς
871 2598 1034 2687 θώραξιν,

36 2699 131 2790 ὥσπερ
147 2713 217 2770 τῶν
236 2703 414 2787 δευτέρων,
438 2703 521 2769 άλλὺ
539 2703 594 2770 καὶ
612 2716 684 2782 ταῖς
701 2716 919 2792 περικνημῖσι.
955 2724 1034 2772 συν·
1049 2718 1072 2784 5

12 2804 113 2888 ῶέταξε
135 2806 173 2875 δέ
195 2808 251 2876 καὶ
273 2811 414 2887 τούτους
436 2812 484 2887 είς
507 2816 611 2876 είκοσι
634 2814 754 2896 λόχους
776 2811 832 2877 καὶ
855 2814 956 2878 διεῖλε
974 2815 1034 2878 τὸν

37 2913 124 2980 αὑτὸν
141 2918 269 3002 τρόπον
287 2928 357 2994 τοῖς
374 2915 550 3003 προτέροις
567 2913 645 2982 καθ’
663 2917 801 3001 ἡλικίας,
822 2916 901 2984 δέκα
914 2920 1034 3004 λόχους
1047 2947 1077 2988 ιι

37 3017 168 3100 άποδοὺς
196 3034 268 3101 τοῖς
294 3020 471 3111 νεωτέροις
499 3021 555 3088 καὶ
585 3021 664 3088 δέκα
692 3034 762 3101 τοῖς
788 3023 1033 3110 πρεσβυτέροις.

96 3178 169 3244 Ιοίς
188 3212 221 3222 -
241 3177 378 3253 πρεσβυτέ
396 3199 435 3234 ων
454 3196 508 3234 om
528 3180 553 3232 A
616 3175 730 3242 λέντὸς
747 3187 797 3232 τοῦ
815 3181 923 3248 τείχους
940 3178 966 3231 Α
1016 3185 1032 3234 ὅ

37 3248 116 3326 κράτη
135 3251 200 3306 εδδ.
219 3251 266 3304 Bb
331 3201 419 3323 ὃοὺς]
439 3245 472 3317 ἧς
491 3251 513 3305 0
532 3250 686 3322 ρεοελοτΒ
740 3250 880 3314 9εοὺςο
918 3250 1033 3314 τούτους

36 3314 161 3391 Klossling
183 3399 195 3412 „
240 3328 271 3377 11
292 3321 344 3377 ὅσα
362 3322 545 3414 τοὺςῃάλλους
562 3320 625 3390 ἤτοι
642 3317 837 3412 προτέρουςΑ
911 3326 944 3375 12
964 3321 1034 3414 ὑπέ-

38 3388 293 3532 ffis'ev'mffusshaeler
314 3471 348 3521 25
366 3392 544 3533 χριρμαςςεὶΒ
582 3399 614 3448 17
634 3391 844 3464 σννταξ<ι>ςΒ
913 3397 946 3447 19
965 3412 1034 3448 υπο-
