2384 3902
457 227 621 278 -E-
983 221 1048 288 249

49 387 200 468 ρησαντος
222 393 284 450 τοῦ
306 386 547 471 συνάρχοντος,
576 391 641 452 εἴτε
663 385 774 472 κλήρῳ
799 387 957 470 λαχόντα,
982 383 1050 451 ἑλέ-

48 496 119 556 σθαι
135 485 306 576 Ῥωμαίων
334 491 375 559 δν
401 491 630 578 ὑπολαμβάνει
656 492 814 579 κράτιστα
841 490 896 557 καὶ
919 506 1050 577 συμφο-

12 597 164 678 ιιιρώτατα
182 597 265 684 <τά>
287 607 346 682 τῆς
362 601 491 676 πόλεως
509 598 766 684 ἐπιτροπεύσειν.
803 596 1050 683 μεσοβασιλέων

48 699 74 766 δ’
98 703 207 780 αὐτοῖς
238 702 348 789 μηθὲν
382 705 419 772 ἐν
449 715 494 794 τῷ
527 708 669 787 παρόντι
699 706 786 788 δεῖν,
818 703 878 781 οὓς
910 702 947 769 ἐν
978 715 1050 781 ταῖς

47 813 231 895 μοναρχίαις
254 810 520 878 ἀποδείκνυσθαι
542 811 805 897 μονογνώμονας
826 819 894 875 τῶν
912 812 1074 894 μελλόν-5

46 937 103 980 των
128 915 242 1002 άρξειν
269 921 350 996 ἔθος
377 914 435 1003 ἦν,
463 919 603 1004 ἐχούσης
629 925 689 1000 τῆς
715 920 856 994 πόλεως,
869 917 931 1001 την
955 917 1050 982 ὅσιον

47 1021 149 1107 λοιόν·

104 1129 231 1196 LXXII.
265 1125 530 1198 Ἐπαινεσάντων
562 1127 600 1197 δδ
630 1132 693 1215 τὴν
724 1131 863 1215 γνώμην
895 1130 1050 1196 ἁπάντων

47 1237 116 1318 μετὰ
137 1245 259 1303 τοῦτον
282 1236 426 1314 ἀναστὰς
448 1237 559 1319 ἕτερος
580 1231 685 1303 εἶπεν
706 1234 800 1321 Ἐμοὶ
819 1233 863 1320 δ’,
888 1231 1050 1320 ώβουλη,

48 1342 130 1408 δοκεῖ
149 1340 205 1408 καὶ
228 1342 319 1409 τοῦτ’
346 1346 394 1410 ἔτι
416 1350 645 1430 προστεθῆναι
667 1351 707 1428 τῇ
725 1344 854 1428 γνώμη,
878 1344 974 1407 δυελν
992 1341 1049 1406 ἀν·
1063 1359 1089 1399 10

48 1449 127 1531 δρώυ
154 1452 341 1533 κρατίστων
373 1452 421 1527 είς
447 1451 525 1516 τόδε
552 1453 679 1536 χρόνου
700 1450 741 1514 τά
762 1450 860 1514 ιιοινά
883 1448 1050 1513 διοικούν-

46 1575 119 1637 των,
151 1550 200 1622 ών
232 1556 294 1621 οὐκ
326 1555 369 1622 διν
399 1556 528 1642 εὕροιτε
555 1555 728 1641 ἀμείνους,
760 1555 820 1620 τὸν
848 1551 909 1640 μὲν
936 1553 1050 1640 ἕτερον

48 1660 147 1726 αὐτῶν
172 1663 292 1746 νόριον
320 1662 563 1748 ἀποδειχθῆναι
588 1672 647 1747 της
675 1662 902 1748 ἀναρρήσεως,
932 1655 1047 1726 τόνδ’
1094 1743 1100 1754 ⁸

48 1765 151 1852 ἕτερον
182 1768 249 1833 ὑπὸ
280 1777 341 1834 τοῦ
373 1768 599 1854 συνάρχοντος
632 1769 810 1854 αἱρεθῆναι
842 1768 1050 1851 διαγνόντων

49 1872 148 1938 αὐτῶν
180 1873 218 1939 έν
250 1873 406 1959 ἀλληλοις
437 1875 497 1940 τὸν
530 1875 807 1960 ἐπιτηδειότερον
849 1873 905 1938 ἵνα
937 1873 1051 1951 αὐτοῖς
1065 1889 1090 1930 1⁵

47 1978 247 2064 περιγένηται
270 1984 334 2047 σὺν
357 1989 402 2068 τῷ
426 1985 523 2068 τιμίῳ
546 1979 657 2046 καὶτὸ
676 1991 796 2066 χαῖρον
815 1985 901 2063 ίσον,
924 1987 969 2068 τῷ
989 1976 1051 2064 μέν

48 2084 92 2148 ότι
120 2088 179 2152 τὸν
211 2087 421 2173 συνάρχοντα
453 2088 631 2173 κράτιστον
663 2086 830 2171 ἀπέφηνε,
864 2093 909 2173 τῷ
942 2080 974 2150 δ’
1000 2087 1051 2151 ὅτι

48 2193 122 2274 πρὸς
146 2201 207 2259 τοῦ
235 2193 462 2279 συνάρχοντος
489 2194 624 2279 ἀριστος
652 2193 785 2280 ἐκρίθη·
816 2192 882 2275 ηδὺ
908 2193 973 2276 γάρ
996 2189 1050 2256 καὶ

49 2299 141 2364 καλὸν
163 2297 328 2384 ἑκάτερον.
366 2294 442 2364 οἶδα
462 2296 524 2384 μέν
543 2295 616 2382 οὖν,
641 2299 692 2364 ὅτι
710 2295 766 2363 καὶ
784 2298 828 2382 μὴ
846 2295 1051 2382 προστεθέν-

14 2415 18 2424 ’
48 2426 97 2481 τος
113 2414 151 2491 τῇ
169 2407 284 2491 γνώμη
303 2407 403 2471 τοῦδε
421 2414 482 2470 τοῦ
501 2404 637 2490 μέρους,
661 2405 775 2482 αὐτοῖς
793 2403 835 2468 ἀν
854 2402 961 2488 ἐφάνη
980 2414 1051 2479 τοῖς
1064 2421 1091 2461 20

50 2509 203 2596 ἀνδράσιν
235 2512 341 2589 οὕτως
372 2522 496 2577 ποιεῖν·
537 2523 688 2597 κρεῖττον
721 2507 758 2576 δέ
787 2511 825 2576 τὸ
852 2507 929 2595 μηδ’
956 2510 1050 2594 ὑμῶν

13 2614 153 2702 ιλοέτερόν
184 2642 216 2683 τι
243 2615 468 2703 βουλομένων.
514 2617 622 2684 ἐδόκει
649 2614 705 2682 καὶ
731 2623 830 2682 τοῦτο
857 2617 939 2682 κατὰ
966 2617 1087 2682 νοῦν2

50 2722 160 2790 ἅπασιν
188 2727 356 2811 εἰρῆσθαι·
394 2722 449 2790 καὶ
478 2724 621 2800 οὐθενὸς
644 2725 692 2788 ἐτι
714 2730 754 2807 τῇ
776 2724 892 2808 γνώμη
916 2739 1052 2810 προστε-

50 2828 160 2908 θέντος
187 2832 400 2916 ἐπικυροῦται
427 2831 464 2896 τὸ
489 2832 606 2913 δόγμα.
651 2830 697 2906 ὡς
720 2826 757 2894 δὲ
779 2828 969 2916 παρέλαβον
990 2831 1053 2914 την

52 2932 193 3011 ἐξουσίαν
216 2938 253 3002 οί
272 2938 393 3002 ὕπατοι
415 2944 477 3002 τοῦ
500 2937 700 3020 διαγνῶναι,
723 2938 862 3021 πότερος
885 2934 918 3012 ἐξ
942 2934 1052 2999 αὐτῶν
1066 2951 1092 2993 ιε

52 3040 154 3126 ἀρχειν
181 3041 272 3110 ἐστὶν
301 3043 577 3129 ἐπιτηδειότερος,
605 3032 804 3126 θαυμαστόν
831 3064 862 3105 τι
886 3039 942 3106 καί
963 3042 1053 3122 παρὰ

52 3147 145 3226 πάσας
166 3152 225 3227 τὰς
243 3149 461 3235 ἀνθρωπίνας
478 3149 661 3234 ὑπολήψεις
679 3157 813 3234 πρᾶγμα
832 3147 978 3213 ἐποίουν.
1011 3145 1052 3210 οὐ

53 3254 106 3338 γάρ
136 3255 255 3322 ἑαυτὸν
286 3253 438 3342 ἑκάτερος
465 3249 560 3333 ἀξιον
588 3239 750 3339 ἀπέφαινε
778 3262 836 3338 τῆς
864 3253 1052 3337 ἡγεμονίας,

113 3412 180 3468 3τδι
204 3413 269 3468 add.
289 3412 393 3467 Reiske
466 3416 482 3465 ὅ
522 3412 730 3484 ονογνώμονας]
749 3409 936 3481 γνάμοναςΒ
973 3410 1053 3463 αυτο-

56 3481 187 3550 γνάμονας
201 3501 223 3538 ο.
239 3483 384 3552 Kiessling
433 3489 468 3538 26
508 3478 726 3562 ρχειν.ἐστλνΒ
776 3487 810 3537 28
824 3478 1053 3554 ἡγεμον<ι>αςΒ
