2400 3912
143 220 207 284 170
569 224 734 274 -Ε-

142 385 220 468 όρος
252 379 383 466 ὑψηλὸν
415 383 521 468 ἀγχοῦ
553 393 612 467 τῆς
629 377 754 467 Ῥώμης
782 380 888 466 πέραν
914 390 975 446 τοῦ
1002 377 1136 465 Τεβέριος

141 498 291 573 ποταμοῦ
328 491 496 574 κείμενον·
543 489 764 576 ὀχυρωτέραις
801 489 1025 574 ἐκρατύναντο
1059 509 1136 551 κατα-

143 607 276 673 σκευαῖς
302 619 337 662 τε
364 594 419 661 καί
444 600 622 680 φυλακαῖς,
650 594 726 681 περὶ
748 596 872 671 παντὸς
894 592 1085 676 ποιούμενοι
1104 594 1136 676 μη

141 701 302 786 γενέσθαι
332 712 403 778 τοῖς
434 705 605 785 πολεμίοις
631 701 712 786 <τὸ>
739 701 911 786 ἐπίκαιρον
937 702 1060 785 χωρίον
1085 698 1136 763 ἐπι-

116 811 291 894 ετείχισμα
318 809 400 873 κατδι
426 818 484 892 της
511 811 652 891 πόλεως,
685 805 740 874 καί
766 809 825 884 τὰς
853 809 899 884 είς
925 807 986 871 τὸν
1013 809 1136 889 πόλεμον

142 915 352 1001 παρασκευὰς
375 909 512 979 ἐνταῦθ’
535 913 713 980 ἀπέθεντο·
735 914 776 979 τοί
794 909 823 978 τ’
845 913 940 990 ἐντὸς
957 915 1083 998 τείχους
1098 909 1137 976 ἐπὶ

142 1023 179 1086 τὸ
218 1021 484 1106 δημοτικώτερον
523 1022 727 1087 καθίσταντο
763 1022 871 1086 πολλοὶ
905 1021 1137 1103 πολιτευόμενοι

144 1127 369 1213 φιλάνθρωπα
391 1129 475 1214 πρὸς
496 1131 575 1205 τοὺς
598 1127 750 1212 πένητας,
775 1128 831 1192 ἵνα
854 1128 898 1211 μὴ
918 1126 1168 1212 μεταβόλοινιοοοο

143 1233 227 1317 πρὸς
247 1236 328 1311 τοὺς
350 1235 538 1321 τυράννους
561 1233 614 1300 ἐπὶ
636 1247 707 1312 τοῖς
731 1236 830 1311 ίδίοις
851 1232 985 1320 κέρδεσι
1002 1230 1138 1297 πεισθέν-

103 1322 196 1436 1ξτες
212 1342 399 1426 προδοῦναι
417 1342 454 1406 τὸ
472 1345 602 1407 κοινόν·
625 1339 681 1406 καί
698 1342 763 1427 γὰρ
780 1341 904 1418 ἀτελεῖς
918 1340 1042 1416 αὐτοὺς
1056 1338 1138 1403 ἁπόν-

142 1468 209 1511 των
237 1445 444 1532 ἐψηφίσαντο
473 1443 559 1514 εἶναι
586 1459 655 1513 τῶν
681 1459 807 1513 κοινῶν
829 1452 949 1530 τελῶν,
979 1446 1041 1511 ὅσα
1064 1448 1138 1528 βασι-

143 1550 324 1636 λευομένης
350 1563 408 1637 της
433 1557 560 1631 πόλεως
587 1552 738 1636 ἐτέλουν,
766 1551 821 1618 καί
845 1551 1068 1637 ἀνεισφόρους
1087 1561 1138 1614 τῶν

143 1660 190 1735 είς
216 1660 256 1724 τδι
280 1662 497 1746 στρατιωτικὰ
519 1658 575 1726 καί
597 1662 676 1738 τοὺς
698 1657 864 1744 πολέμους
886 1655 1139 1741 ἀναλισκομένων

144 1765 320 1848 ἐποίησαν,
349 1766 432 1852 μέγα
459 1765 577 1853 κέρδος
600 1766 782 1852 ἡγούμενοι
804 1777 873 1844 τοῖς
895 1775 1039 1858 κοινοῖς,
1066 1766 1094 1828 εί
1110 1763 1138 1826 τὰ

106 1893 130 1934 15
145 1872 279 1954 σώματα
302 1876 409 1957 μόνον
432 1874 542 1939 αὐτῶν
566 1873 678 1953 ἕξουσι
695 1873 1006 1958 προκινδυνεύοντα
1023 1881 1078 1954 τῆς
1093 1889 1139 1933 πα-

144 1979 269 2062 τρίδος·
310 1983 372 2064 τήν
408 2003 443 2045 τε
475 1980 621 2064 δύναμιν
652 1978 843 2065 ἠσκημένην
875 1978 912 2044 ἐκ
944 1982 1070 2044 πολλοῦ
1097 1973 1139 2040 καὶ

144 2085 459 2170 παρεσκευασμένην
478 2089 609 2171 ἔχοντες
627 2087 664 2152 ἐν
679 2095 725 2175 τῷ
740 2085 946 2174 προκειμένῳ
961 2095 1018 2170 τῆς
1032 2087 1140 2157 πόλεος

110 2191 465 2279 3έστρατοπεδεύοντο
488 2193 601 2280 πεδίφ.
639 2195 794 2276 βασιλεὺς
817 2189 855 2258 δὲ
877 2195 1050 2277 Πορσίνας
1066 2193 1141 2273 ἀγυι

143 2300 205 2383 τὴν
233 2299 392 2382 στρατιὰν
419 2301 456 2363 τὸ
485 2296 547 2384 μὲν
565 2296 751 2366 Ἰανίκολον
779 2300 811 2378 ἐξ
840 2299 968 2384 ἐφόδου
996 2303 1141 2378 καταλαμ-

106 2427 132 2466 εο
146 2408 282 2490 βαίνεται
314 2405 603 2491 καταπληξόμενος
630 2409 708 2484 τοὺς
735 2407 964 2490 φυλάττοντας
993 2405 1072 2470 αὐτὸ
1098 2397 1140 2466 καλ

145 2516 300 2600 φρουρὰν
327 2518 510 2600 Τυρρηνῶν
536 2513 573 2580 ἐν
597 2513 685 2602 αὐτῷ
708 2516 923 2598 καθίστησιν·
960 2509 1014 2578 ἐπὶ
1038 2509 1073 2576 δέ
1093 2510 1142 2591 την

144 2620 242 2684 πόλιν
273 2620 423 2687 ἐλαύνων
451 2621 496 2698 ὡς
523 2618 578 2686 καὶ
605 2621 730 2704 ταύτην
759 2621 835 2705 δίχα
861 2623 970 2686 πόνου
993 2633 1142 2705 παραστη-

145 2727 295 2810 σόμενος,
320 2727 432 2811 ἐπειδὴ
453 2729 595 2812 πλησίον
613 2737 671 2812 τῆς
689 2728 838 2812 γεφύρας
857 2725 988 2810 ἐγένετο
1006 2724 1143 2796 καὶτοὺς

140 2827 320 2916 Ῥωμαίους
339 2832 500 2899 ἐθεάσατο
514 2832 793 2920 προκαθημένους
806 2841 866 2898 τοῦ
879 2841 1041 2916 ποταμοῦ,
1059 2851 1143 2914 παρε-

216 3064 233 3111 4
252 3062 353 3130 χωρίον
373 3060 427 3116 del.
446 3060 549 3115 Reiske
566 3064 570 3130 Ι
587 3057 751 3132 ἐπιτειχίσαι
769 3061 946 3117 c.B1'icheler
965 3063 995 3114 et
1006 3057 1143 3123 Kiessling‚

146 3131 248 3252 Ξωρίον
271 3126 417 3201 ἐπίκαιρον
440 3131 519 3185 uncis
544 3131 660 3186 seclusib
682 3133 790 3202 Kayser
811 3132 883 3187 Anu.
902 3131 972 3202 phil.
996 3137 1062 3186 1866
1080 3147 1104 3198 p.
1117 3132 1142 3179 45

161 3201 294 3269 πίκαιρον
320 3201 351 3255 τό
375 3204 476 3271 χωρίον
501 3197 675 3272 ἐπιτείχισμα
698 3220 720 3256 ο.
746 3204 919 3270 Grasberger
942 3203 1018 3257 Τοεε.
1042 3197 1142 3266 Herbip.

147 3274 223 3346 1³:²3
259 3269 291 3323 τό
311 3273 376 3324 ante
401 3267 548 3342 ἐπίκαιρον
572 3273 670 3327 addidi
754 3282 787 3329 14
806 3269 943 3342 ἐποίησαν
962 3273 1017 3328 δελ.
1036 3269 1143 3326 Reudler

148 3335 237 3388 Τιεοο.
260 3355 287 3404 p.
307 3344 341 3392 40
418 3347 452 3394 20
471 3342 520 3395 καὶ
542 3343 832 3414 καταπληξόμενοςελ
857 3352 860 3412 1
886 3344 935 3398 καλ
954 3363 1008 3399 om.
1028 3345 1053 3397 A
1117 3344 1142 3392 λλ

150 3402 361 3536 μιοειὲοραέτρςνΒ
398 3411 446 3464 καὶ
470 3412 558 3479 αὐτὴν
576 3414 602 3466 R
622 3417 626 3483 Ι
646 3413 891 3486 παραληψόμενος
909 3415 956 3468 Ba
992 3407 1144 3486 παραληψύ
