2384 3902
462 215 626 266 ,Ε-

48 373 189 451 έτιεικείς
221 375 283 458 τὴν
315 373 420 458 φύσιν
452 370 508 439 καὶ
540 372 668 460 μέτριοι
700 383 770 453 τολς
800 377 959 461 τιμήμασι
985 385 1054 442 τῶν

48 483 122 562 βίων
145 476 243 564 ἦσαν,
266 477 443 567 παρῄνουν
462 479 598 564 ἀφεῖναι
617 483 656 546 τὰ
674 481 754 566 χρέα
772 491 843 558 τοῖς
860 480 980 566 πένησι
998 480 1054 548 καὶ

48 591 201 673 πρίασθαι
223 589 398 672 πολιτικὴν
421 587 557 654 εὐυοιαν
580 587 698 670 ὀλίγον
721 588 904 673 διαφόρου,
927 589 1054 673 μεγάλα

50 694 219 780 μέλλοντας
242 694 276 773 ἐξ
300 694 402 778 αὐτῆς
423 695 599 781 κερδανεῖν
624 695 693 778 ίδίηι
716 692 829 760 τεκαὶ
853 696 1006 782 δημοσίᾳ.

105 802 237 868 LXIIII.
265 793 329 866 Ἦν
348 798 392 867 ’δ’
425 801 443 867 ὁ
473 801 594 885 ταύτης
623 800 808 885 ἡγούμενος
835 809 893 886 τῆς
919 803 1080 887 γνώμηςι

48 909 178 994 Μοίρκος
198 905 392 994 Οὐαλέριος,
410 907 484 985 υίὸς
504 910 658 973 Ποπλίου
674 907 872 994 Οὐαλερίου,
893 907 967 987 ἑνὸς
984 919 1052 974 τῶν

12 1016 295 1081 ινειιαταλυσάντων
317 1017 379 1100 τὴν
402 1016 598 1101 τυραννίδα,
622 1023 683 1080 τοῦ
706 1013 890 1099 κληθέντος
914 1016 969 1080 διδι
991 1017 1053 1100 τὴν

47 1123 87 1198 είς
111 1123 148 1188 τὸ
177 1123 359 1206 δημοτικὸν
387 1121 525 1188 εὐυοιαυ
553 1126 764 1206 Ποπλικόλα,
796 1121 964 1188 διδάσκων
995 1122 1054 1188 αὐ-

46 1229 126 1310 τούς,
150 1229 201 1294 ὅτι
224 1239 294 1306 τοῖς
317 1228 378 1314 μὲν
400 1225 485 1314 ὑπὲρ
509 1239 577 1293 τῶν
601 1233 684 1294 ίσων
708 1226 965 1312 ἀγωνιζομένοις
983 1235 1053 1294 ίσαι

47 1339 197 1417 φιλοῦσιν
220 1333 412 1419 ἐμφύεσθαι
434 1335 518 1422 πρὸς
540 1323 580 1399 τδι
603 1337 683 1418 ἔργα
707 1337 903 1419 φιλοτιμίαι,
926 1344 997 1412 τοίς
1015 1331 1053 1401 δὲ
1067 1357 1093 1397 ιο

47 1437 142 1523 μηδὲν
171 1441 355 1507 ἀπολαύειν
381 1438 563 1525 μέλλουσιν
592 1439 723 1524 ἀγαθὸν
752 1437 854 1507 οὐδὲν
883 1440 1052 1526 ἐπέρχεται

46 1557 178 1631 φρονεῖν
204 1557 378 1629 γενναῖον·
410 1547 594 1632 ἠρεθίσθαι
616 1570 651 1612 τε
675 1545 781 1631 λέγων
805 1547 952 1624 ἅπαντας
973 1550 1053 1624 τοὺς

46 1653 183 1737 ἀπόρους
210 1651 267 1720 καὶ
293 1657 482 1738 περιιόντας
509 1656 591 1720 κατὰ
616 1655 679 1738 τὴν
702 1653 829 1739 ἀγορύν
853 1652 976 1736 λέγειν·
1012 1656 1056 1719 Τί
1067 1657 1088 1722 2

46 1757 72 1824 δ’
92 1761 170 1845 ημῖν
194 1763 286 1827 ἔσται
308 1760 422 1844 πλέον,
446 1761 505 1828 ἐὰν
527 1764 718 1846 νικησωμεν
740 1763 820 1839 τούς
843 1759 969 1839 ἔξωθεν
992 1780 1052 1825 πο-

46 1872 185 1952 λεμίους,
218 1869 251 1932 εί
278 1877 349 1946 τοῖς
381 1869 570 1944 δανεισταῖς
602 1867 764 1952 ἀγώγιμοι
796 1869 878 1953 πρὸς
903 1868 944 1933 τά
971 1865 1051 1954 χρέα
1066 1886 1093 1928 τε

46 1979 247 2060 γενησόμεθα
276 1974 332 2041 καὶ
361 1983 401 2061 τῇ
430 1979 525 2041 πόλει
553 1976 615 2059 τιΙν
644 1974 826 2060 ἡγεμονίαν
854 1975 1052 2040 κατασκευά·

46 2098 154 2160 σαντες
181 2080 278 2148 αὐτοὶ
305 2079 390 2166 μηδὲ
417 2082 479 2165 τὴν
507 2081 706 2165 ἐλευθερίαν
733 2091 803 2157 τοῖς
831 2081 960 2164 σώμασι
988 2106 1052 2166 φυ-
1169 2145 1177 2160 ,

46 2187 131 2267 λάξαι
167 2191 400 2274 δυνησόμεθα;
437 2190 601 2254 κίνδυνόν
637 2182 670 2252 τ’
710 2186 751 2252 οὐ
787 2195 909 2252 τοῦτον
945 2190 1051 2271 μόνον

47 2295 223 2380 ἐπαχθῆναι
251 2299 370 2381 σφίσιν
397 2294 611 2380 ἀποφαίνων,
642 2295 700 2360 έάν
729 2295 945 2378 ἐκπολεμωθῇ
968 2295 1051 2379 πρὸς

46 2403 100 2485 τὴν
121 2405 249 2488 βουλὴν
272 2402 291 2468 δ
316 2404 435 2487 δῆμος,
462 2404 507 2487 μὴ
531 2404 692 2487 καταλίπῃ
716 2401 777 2484 τὴν
799 2403 899 2465 πόλιν
922 2398 959 2464 έν
981 2410 1051 2477 τοῖς
1065 2420 1092 2460 νο

45 2510 218 2592 κινδύνοις,
242 2509 260 2575 ὃ
284 2510 411 2586 πάντας
433 2508 596 2594 ὀρρωδεῖν
619 2509 681 2594 χρὴ
704 2509 784 2584 τούς
806 2506 846 2571 τὰ
868 2507 965 2572 κοινὰ
988 2507 1052 2571 σώ-

48 2617 151 2692 ζεσθαι
182 2614 426 2700 βουλομένους,
459 2615 542 2680 ἀλλά
574 2614 731 2680 κάκεῖνον
762 2614 822 2678 τὸν
850 2615 899 2678 ἔτι
928 2615 1051 2678 τούτου

11 2723 276 2808 νυνγαλεπώτερον,
301 2722 345 2807 μὴ
369 2732 441 2798 ταῖς
463 2723 552 2806 παρὰ
575 2733 642 2786 τῶν
660 2721 837 2806 τυράννων
855 2726 1051 2807 φιλανθρω-

47 2834 127 2908 πίαις
149 2827 368 2913 ἐξαπατηθεὶς
385 2830 467 2894 κατὰ
485 2839 552 2894 τῶν
569 2831 752 2914 πατρικίων
771 2828 891 2912 ἀρηται
909 2829 949 2893 τδι
967 2830 1052 2894 ὅπλα

110 3064 124 3112 1
147 3067 179 3128 τῆ
204 3058 331 3128 φόσειΒ
404 3057 570 3124 6Μάριιιος
587 3057 634 3110 Bb
671 3053 732 3119 υἷδς
750 3055 873 3127 Μάρκον
895 3057 1051 3126 Οὐαλερίου

50 3124 68 3179 0
93 3129 125 3184 cf.
146 3130 277 3185 Niebuhr
299 3128 373 3184 Hist.
396 3129 476 3184 Rom.
495 3129 508 3182 Ι
526 3131 584 3183 not.
606 3135 688 3198 1328,
711 3129 839 3183 Ποπλίου
853 3144 910 3196 ,μευ
927 3126 1052 3198 Μάρκου

49 3196 170 3256 hocloco
188 3200 335 3270 Kiessling
371 3202 499 3256 Ποπλίου
518 3215 587 3254 voce
605 3202 671 3269 post
688 3201 846 3270 τυραννίδα
864 3198 969 3253 omissa
988 3216 1053 3254 cum

49 3267 73 3337 Β,
90 3271 209 3344 Μάριον
225 3274 384 3343 Οὐαλερίου
404 3271 525 3326 δελενδα
544 3287 606 3326 esse
625 3273 722 3326 censet
735 3271 927 3327 Mommsenus
941 3269 970 3326 C.
984 3271 1006 3326 Ι.
1020 3271 1051 3327 L.

49 3357 70 3406 p.
87 3348 136 3398 284
151 3348 156 3410 Ι
171 3346 300 3400 Ποπλίου
319 3351 369 3398 τοῦ
385 3343 407 3398 Ο
426 3342 576 3412 μεοεύεεΒ
633 3349 665 3396 11
680 3343 822 3412 *μηδενὸς
835 3341 888 3396 ΑΒ
908 3341 942 3396 cf.
957 3341 1027 3397 111⁷
1045 3343 1049 3415 Ι

50 3411 151 3482 ἀγαθοῦ
169 3416 195 3469 Α
230 3414 387 3486 ἀγαθὸνΒ
470 3420 502 3468 12
521 3410 539 3479 ἢ
559 3419 691 3482 γενναῖον
709 3413 756 3468 Bb
773 3419 777 3478 Ι
793 3412 945 3474 πολνταςΒ
1017 3420 1052 3469 24

49 3481 135 3553 ἀρηΑ
171 3488 236 3556 αίρη
256 3486 302 3540 Ba
339 3485 412 3555 ἀ.ρη
431 3485 478 3538 Bb
515 3484 618 3553 ἄρηται
637 3483 726 3537 Cobet
745 3483 811 3538 Obs.
830 3505 857 3554 p.
879 3491 929 3539 106
1098 3495 1100 3498 ’
