2384 3902
144 204 212 268 234
570 209 735 260 -ε-

105 375 279 444 4τοιαῦτα
301 367 432 432 τούτων
454 366 732 453 ἀποκριναμένων
755 365 861 434 οὐθὲν
881 368 917 434 οί
933 365 1080 454 Ῥωμαῖοι
1095 393 1138 434 τα-

142 471 375 558 πεινωθέντες,
394 473 413 538 δ
431 481 556 540 παθεῖν
577 475 663 553 είκδς
680 470 724 557 ἦν
743 478 822 552 τοὺς
840 473 946 560 μέμαν
965 498 1000 540 τε
1013 477 1137 559 πόλεμον

143 578 342 666 αἰρομένους
373 579 429 646 καλ
461 581 568 659 πάσας
601 581 834 665 ἀπεγνωκότας
864 583 923 660 τάς
955 585 1138 668 συμμαχικὰς

143 687 294 771 ἐλπίδας,
320 687 403 754 ἀλλὰ
425 699 498 766 ταῖς
521 690 658 766 οίκείιιις
680 689 844 774 δυνάμεσι
864 691 1075 767 πιστεύοντες
1094 693 1137 773 μό

113 818 217 872 ιναις
246 800 357 882 πολλῷ
386 797 637 881 προθυμότεροι
664 796 747 881 πρὸς
774 797 835 861 τὸν
857 794 973 880 ἀγῶνα
997 796 1137 881 ἐγίνοντο,

142 902 187 980 ὡς
216 903 271 968 διὰ
299 903 360 986 τὴν
388 902 537 986 ἀνάγκην
566 903 687 987 ἀνδρες
714 901 839 986 ἀγαθοὶ
865 903 957 987 παρὰ
984 905 1062 980 τοὺς
1084 927 1138 968 κιν-

142 1009 268 1086 δύνους
299 1007 468 1093 ἐσόμενοι,
500 1007 555 1074 καὶ
588 1009 647 1075 ἐάν
678 1011 761 1075 κατὰ
792 1018 879 1076 νοῦν
908 1009 1059 1097 πράξωσι
1084 1021 1138 1085 ταῖς

143 1116 244 1192 ίδίαις
266 1115 397 1201 ἀρεταῖς
415 1117 693 1202 κατορθώσαντες
706 1117 766 1182 τὸν
789 1119 937 1202 πόλεμον
957 1114 1072 1183 οὐδενὶ
1087 1141 1138 1181 κοι-

141 1223 328 1306 νωσόμενοι
360 1231 417 1306 τῆς
449 1221 555 1306 δόξης.
601 1231 766 1290 τοσοῦτον
798 1223 913 1302 αὐτοῖς
945 1227 1139 1311 φρονήματος

102 1356 128 1396 ιο
141 1326 197 1393 καὶ
219 1330 342 1413 τόλμης
365 1327 401 1394 ἐκ
423 1339 491 1394 τῶν
513 1334 648 1396 πολλῶν
671 1329 813 1414 ἀγώνων
836 1339 964 1417 περιῆν.

206 1434 325 1500 LXIII.
360 1439 695 1521 Παρασκευαζόμενοι
723 1433 761 1503 δὲ
788 1439 829 1503 τά
859 1439 906 1514 είς
928 1439 991 1503 τὸν
1012 1440 1138 1521 πόλεμον
1178 1447 1179 1526 η

141 1542 309 1624 ἐπιτήδεια
341 1538 396 1606 καὶ
428 1543 486 1618 τάς
518 1543 677 1627 δυνάμεις
709 1541 889 1628 ἀρξάμενοι
920 1544 1138 1631 καταγράφειν,
1178 1535 1179 1618 I

141 1649 188 1725 είς
210 1648 338 1731 πολλὴν
361 1645 539 1715 ἐνέπιπτον
561 1647 760 1734 ἀμηχανίαν,
785 1650 827 1716 οὐ
849 1651 912 1733 τὴν
931 1651 1038 1734 αὐτὴν
1057 1649 1139 1715 ἀπάν·

140 1777 207 1819 των
230 1757 427 1839 προθυμίαν
450 1757 497 1832 είς
519 1756 560 1820 τά
584 1758 665 1841 ἔργα
688 1755 934 1841 παρεχομένων.
973 1758 1008 1822 οί
1023 1759 1086 1841 γάρ
1101 1757 1138 1822 ἐ-

102 1884 127 1925 15
142 1860 227 1936 δεεῐς
259 1863 337 1944 βίον
364 1860 420 1926 καὶ
447 1862 590 1946 μάλιστα
617 1863 653 1927 οί
677 1864 718 1928 τδ
745 1861 825 1949 χρέα
851 1874 921 1940 τοῖς
949 1866 1139 1948 συμβαλοῦσι

142 1967 297 2033 διαλῦσαι
321 1968 362 2034 ού
386 1968 568 2054 δυνάμενοι
589 1968 709 2034 πολλοὶ
728 1971 861 2055 σφόδρα
881 1971 977 2048 ὄντες
995 1971 1057 2055 οὐχ
1073 1970 1139 2052 ὑπή-

140 2097 244 2140 κουον
267 2073 320 2140 ἐπὶ
343 2076 383 2140 τά
406 2075 491 2140 ὅπλα
513 2077 716 2160 καλούμενοι
740 2073 814 2142 οὐδ’
837 2077 1020 2161 ἐβούλοντο
1039 2087 1168 2143 κοιυο-ιιι

141 2191 214 2246 νείν
237 2181 379 2259 οὐδενὸς
401 2183 502 2267 ἐρνου
524 2191 596 2260 τοῖς
618 2185 815 2269 πατρικίοις,
839 2185 871 2249 εί
888 2185 933 2268 μὴ
951 2187 1139 2268 ψηψίσαιντο

140 2287 254 2366 αὐτοῖς
276 2298 383 2372 χρεῶν
407 2289 541 2372 ἀφεσιν·
574 2288 658 2354 ἀλλὰ
680 2286 735 2353 καλ
757 2294 970 2368 καταλείψειν
992 2287 1079 2367 τινὲς
1093 2287 1139 2353 αύ-

100 2419 127 2459 ιο
140 2404 207 2460 τῶν
230 2396 292 2479 τὴν
314 2398 414 2461 πόλιν
438 2397 554 2479 ἔλεγον
577 2394 632 2462 καὶ
655 2397 917 2481 παρεκελεύοντο
937 2395 1090 2481 ἀλληλοις
1105 2394 1138 2477 με’]

141 2506 344 2587 φιλοχωρεῖν
361 2505 457 2570 πόλει
474 2503 619 2587 μηδενὸς
638 2503 752 2581 αὐτοῖς
769 2503 903 2587 ἀγαθοῦ
922 2502 1139 2588 μεταδιδούσῃ.

104 2606 222 2684 2τέως
239 2606 302 2693 μὲν
321 2604 383 2675 οὖν
401 2615 606 2696 παρακαλεῖν
625 2611 748 2687 αὐτοὺς
762 2611 798 2675 οί
809 2614 977 2696 πατρίκιοι
992 2608 1047 2677 καὶ
1060 2631 1139 2695 μετα-

140 2718 273 2781 πείθειν
291 2717 481 2803 ἐπειρῶντο,
506 2715 577 2783 ἐπεὶ
597 2714 627 2783 δ’
646 2714 752 2783 οὐθὲν
771 2717 923 2801 ἐγίνοντο
943 2719 1138 2805 μετριώτεροι

139 2825 223 2908 πρὸς
253 2825 311 2901 τὰς
342 2827 578 2909 παρακλήσεις,
611 2824 699 2890 οὕτω
731 2825 772 2908 δὴ
799 2828 1026 2903 συνελθόντες
1048 2827 1090 2901 είς
1108 2822 1138 2886 τὸ
1179 2861 1180 2896 ι

99 2949 126 2992 ιε
140 2933 381 3017 βουλευτήριον
404 2932 587 3015 ἐσκόπουν,
608 2934 658 3008 τίς
681 2931 924 3018 εὐπρεπεστέρα
947 2934 1044 3011 λύσις
1064 2934 1138 2997 ἐσται
1179 2909 1180 2990 I

138 3046 196 3121 τῆς
230 3037 431 3122 κατεχούσης
462 3039 523 3122 τὴν
554 3041 654 3104 πόλιν
687 3048 839 3123 ταραχῆς.
890 3039 964 3104 ὅσοι
998 3037 1060 3124 μὲν
1088 3031 1137 3102 οὖν
1179 3009 1180 3098 I

212 3268 228 3314 3
252 3262 489 3348 συηαιρουμένους
512 3265 538 3318 A
583 3263 769 3352 αίρρυμένους
791 3265 814 3318 Β
860 3265 1078 3356 συναιρομένους
1102 3261 1137 3316 vel

141 3332 506 3467 νενικηκότας
523 3333 883 3460 ινκειιῗιλλθ
898 3332 1136 3481 πλατύ

143 3467 179 3514 24
197 3461 228 3516 δὲ
247 3464 293 3519 Ba
328 3469 363 3535 δὴ
382 3471 458 3526 ABb
531 3479 566 3528 25
586 3476 793 3545 εὐπρεπεστάτη
813 3493 836 3533 ο.
855 3478 996 3534 Bficheler
