2384 3902
118 221 184 288 200
547 223 713 272 -E-

119 385 177 461 τάς
203 383 353 468 τάφρους
381 384 463 448 κατὰ
490 383 597 448 πολλὰ
624 378 707 467 μέρη
726 377 782 446 καὶ
807 378 979 474 διέβαινον
1002 379 1135 457 οὐδενὸς

83 492 238 574 2σφίσιν
269 490 424 575 ἐμποδὼν
452 487 644 574 γινομένου.
689 489 926 576 παρεκάθηντο
955 483 993 552 δὲ
1020 485 1135 570 μεταξὺ

119 608 186 664 τῶν
218 597 357 684 τάφρων
389 594 445 662 καλ
477 603 544 662 τῶν
573 595 901 682 περισταυρωμάτων
931 594 968 660 οί
988 588 1135 678 Ῥωμαῖοι

118 705 202 770 κατὰ
231 705 368 789 σπείρας
396 702 537 788 ἀφανεῖς
565 703 622 768 διὰ
648 703 686 768 τὸ
716 704 848 786 σκότος,
880 697 938 767 καί
964 703 1043 778 τοὺς
1073 701 1135 765 δια-

92 814 300 894 ῡβαίνοντας
329 810 458 894 αὐτῶν,
490 810 545 876 δτε
567 806 721 893 γένοιντο
746 808 783 876 έν
805 810 938 895 χερσίν,
967 807 1166 893 έφόνευονλά

121 915 217 1004 μέχρι
240 913 301 1002 μὲν
325 912 388 983 οὖν
409 939 503 994 τινος
522 916 690 983 ἐλάνθανε
706 918 787 994 τοὺς
804 907 968 998 ὑστέρους
986 919 1135 1002 προσιόν-

121 1046 180 1100 τας
208 1022 226 1088 ὁ
255 1033 323 1088 τῶν
346 1009 611 1109 προηγουμένων
634 1024 792 1110 ὄλεθρος·
824 1020 895 1088 ἐπεὶ
919 1019 957 1087 δὲ
980 1033 1054 1107 φῶς
1078 1021 1136 1106 έγέ-

122 1150 199 1194 νετο
230 1132 372 1213 σελήνης
403 1129 605 1214 ἀνισχούσης
635 1131 671 1195 οί
695 1129 932 1213 πλησιάζοντες
959 1137 999 1214 τῇ
1025 1129 1135 1217 τάφρῳ

123 1237 254 1323 σωρούς
290 1234 327 1301 θ’
363 1236 506 1323 ὁρῶντες
539 1239 672 1304 οἰκείων
702 1245 833 1320 νεκρῶν
866 1233 945 1321 παρ’
972 1235 1058 1321 αὐτῇ
1090 1233 1135 1304 καλ

84 1362 111 1402 10
125 1347 226 1428 στίφη
250 1346 419 1428 πολεμίων
437 1345 580 1430 καρτερά
598 1343 700 1428 ὁμόσε
718 1351 904 1430 χωροῦντα,
928 1341 1088 1427 ῥίψαντες
1104 1345 1136 1407 τά

89 1452 210 1517 3ὅπλα
241 1449 419 1537 τρέπονται
449 1452 533 1532 πρὸς
566 1453 689 1535 φυγήν.
737 1450 773 1516 οί
802 1447 841 1516 δέ
870 1445 1029 1543 Ῥωμαῖοι
1063 1449 1135 1535 μέγα

124 1557 384 1641 ἀναβοήσαντες·
407 1551 450 1640 ήν
470 1553 507 1622 δέ
520 1565 620 1622 τοῦτο
635 1557 796 1640 σύνθημα
810 1566 879 1633 τοῖς
894 1555 948 1622 έπλ
961 1566 1019 1642 τής
1034 1555 1136 1643 ἑτέρας

124 1668 346 1752 παρεμβολῆς·
379 1661 592 1750 ἐκτρέχουσιν
620 1661 671 1730 ἐπ’
694 1663 816 1741 αὐτοὺς
843 1664 987 1742 ἅπαντες
1014 1664 1136 1750 ἀθρόοι.

124 1768 180 1836 καὶ
203 1771 446 1856 ὁΛουκρήτιος
469 1771 514 1847 ὡς
536 1772 660 1854 ήκουσε
682 1780 741 1856 τής
764 1779 912 1856 κραυγῆς
934 1774 1015 1850 τοὺς
1040 1773 1137 1847 ἱππεῖς

86 1894 111 1934 1⁵
126 1879 391 1964 προαποστείλας
427 1875 764 1962 διερευνησομένους,
799 1881 844 1963 μή
881 1901 931 1956 τις
964 1878 1136 1962 ἐγκάθηται

125 1986 294 2068 πολεμίων
312 1986 422 2068 λόχος,
442 1983 559 2067 ὀλίγον
576 1984 720 2068 ὕστερον
737 1984 922 2068 ἠκολούθει
936 1988 1017 2062 τοὺς
1032 1985 1136 2069 ἀκμαι-

89 2090 264 2166 4οτάτους
291 2099 359 2155 τῶν
386 2093 493 2168 πεζῶν
516 2089 729 2174 ἐπαγόμενος.
775 2088 936 2156 καὶκατὰ
958 2093 1020 2158 τὸν
1043 2091 1135 2158 αὐτὸν

126 2199 250 2282 χρόνον
274 2195 310 2262 οἵ
328 2191 365 2260 θ’
389 2196 497 2273 ίππεῑς
518 2207 589 2273 τοῖς
611 2195 648 2262 ἐκ
670 2206 728 2281 τῆς
744 2198 895 2282 Φιδήνης
913 2203 1038 2283 λοχῶσι
1054 2220 1136 2284 περι-

125 2306 282 2389 τυχόντες
309 2300 490 2390 τρέπουσιν
518 2305 566 2380 είς
595 2305 709 2389 φυγήν
735 2302 791 2370 καὶ
819 2306 855 2371 οί
876 2303 969 2384 πεζοὶ
992 2308 1067 2382 τοὺς
1089 2301 1136 2370 ἐπὶ

86 2429 113 2469 ιο
126 2411 188 2494 τήν
206 2409 420 2497 παρεμβολήν
440 2419 537 2494 σφῶν
556 2408 783 2497 ἀφικομένους
800 2414 988 2490 κτείνοντες
1007 2411 1136 2478 ἐδίωκον

128 2518 204 2583 οὔτε
236 2518 322 2583 ὅπλα
354 2516 431 2583 οὔτε
463 2518 591 2601 κόσμον
623 2519 797 2596 σώζοντας.
844 2517 881 2584 έν
912 2520 1049 2597 ταύταις
1072 2529 1136 2594 ταῖς

129 2624 249 2708 μάχαις
271 2627 432 2707 Σαβίνων
454 2646 489 2689 τε
512 2622 569 2689 καί
591 2635 659 2690 τῶν
682 2625 865 2710 συμμάχων
888 2624 1060 2692 ἀπέθανον
1080 2621 1174 2710 ww

129 2726 216 2814 ἀμφὶ
242 2731 320 2808 τοὺς
348 2733 489 2816 μυρίους
514 2727 569 2796 καὶ
592 2735 797 2817 τρισχιλίους
818 2729 874 2797 καλ
896 2735 1134 2814 πεντακοσίους,

130 2836 332 2922 αἰχμάλωτοι
350 2834 381 2902 δ’
402 2837 600 2923 ἐλήφθησαν
618 2842 874 2925 τετρακισχίλιοι
891 2836 949 2906 καὶ
968 2842 1133 2906 διακόσιοι·

89 2962 116 3004 οε
130 2940 186 3009 καὶ
208 2943 226 3010 ὁ
250 2941 313 3028 μὲν
335 2943 437 3031 χάραξ
461 2944 656 3031 αὐθημερὸν
680 2944 775 3012 ἑάλω.

201 3143 216 3190 2
234 3135 446 3228 περιεκάθηντο
466 3135 488 3191 Ο
508 3153 578 3193 corr.
598 3136 724 3192 Sintenis
743 3136 804 3192 Em.
823 3136 905 3194 Dion.
925 3139 952 3192 11
974 3145 1006 3194 15
1058 3137 1133 3193 δαδ-

129 3207 197 3275 τῶν]
223 3207 310 3269 αιἰτας
328 3206 354 3260 Α
390 3207 477 3262 αὐτοῦ
499 3208 547 3262 vel
568 3209 640 3278 αίτή
663 3225 686 3261 ο.
711 3207 834 3278 Sylburg
858 3212 863 3277 1
888 3209 985 3279 χερσὶν
1010 3205 1131 3264 αίιτάνΟ

130 3277 243 3340 praebet
260 3275 311 3328 Bo
388 3277 608 3347 8ἀνήήοχοάοης
625 3279 673 3332 Βυ.
708 3279 877 3350 άνιοχοάσης
895 3279 943 3334 Bb
981 3279 1134 3349 ἀνιοχοάσης

132 3343 158 3394 R
242 3344 389 3400 θοίκείων
412 3347 561 3417 νεκρῶνΒ
597 3357 652 3404 τῶν
671 3358 780 3419 νεκρῶν
798 3350 824 3404 R
929 3357 962 3406 12
981 3360 1058 3407 τοῦτο
1074 3347 1133 3403 σάν-

133 3413 215 3476 θημα
233 3412 258 3463 Α
293 3414 324 3466 ’τὸ
348 3415 522 3485 σάνδημαΒ
557 3426 639 3473 τοῦτο
658 3419 689 3474 τδ
709 3439 732 3476 σ.
752 3419 778 3474 R
801 3423 805 3490 Ι
826 3422 896 3492 τοῖς]
916 3430 973 3477 τῶν
991 3420 1038 3476 BC
1097 3425 1134 3472 23

136 3477 210 3544 ἀμφὶ
227 3477 278 3546 μέν
296 3481 348 3533 ΑΒ
386 3485 459 3554 ἀμφὶ
477 3486 540 3542 add.
559 3488 607 3541 Ab
