2394 3912
466 185 628 239 -ἴ-
889 223 894 234 ·
993 181 1058 247 393

43 346 126 431 πρὸς
145 345 361 432 ὀλοφυρμοὺς
379 345 535 433 ἐτράπετο
554 345 610 412 καὶ
627 348 686 424 τάς
702 347 886 432 μελλούσας
903 344 1058 425 καθέξειν

44 453 221 538 συμφορὰς
246 454 326 530 τούς
351 477 387 519 τε
414 452 642 538 ὑπομένοντας
665 454 701 520 έν
723 461 763 539 τή
786 456 880 518 πόλει
903 449 1059 529 καὶτοὺς

44 557 335 645 ἀπελαυνομένους
366 558 421 626 καὶ
452 561 511 638 τὰς
539 560 666 646 ἀμφοῖν
693 559 919 626 ἀνεκλαύσατο
947 559 1059 644 τύχας,

44 665 174 752 δάκρυά
200 661 236 732 θ’
264 665 420 732 ἁπάντων
448 666 587 751 ἐξεχεῖτο
614 664 671 732 καὶ
696 673 757 752 μιᾷ
777 669 840 750 βοή
864 667 1059 751 συμφρονή-

45 789 164 850 σαντες
186 772 374 856 ἀνεβύησαν
397 771 536 856 ἀπύγειυ
560 781 648 857 σφᾶς
671 773 718 850 είς
739 773 802 856 τήν
822 773 921 838 πόλιν
940 768 994 836 καὶ
1013 772 1085 856 μήε

45 883 173 966 τρίβειν
197 880 257 945 τὸν
279 882 416 966 χρόνον·
453 878 570 962 ὀλίγον
593 901 628 944 τε
650 877 740 944 πάνυ
764 877 905 962 ἐδέησαν
927 875 1059 944 ἀπιέναι

46 987 99 1051 διά
121 986 245 1070 τύχους
268 985 304 1051 ἐκ
326 994 383 1070 τής
402 984 575 1070 ἐκκλησίας
593 986 721 1050 ἅπαντα
740 986 780 1050 τά
797 984 972 1070 πράγματα
990 995 1060 1062 τοῖς

46 1096 262 1177 πρεσβευταῖς
299 1089 531 1177 ἐπιτρέψαντες
566 1089 621 1156 καὶ
657 1087 763 1176 μηδὲν
800 1092 882 1158 ἀλλο
913 1102 981 1157 τῶν
1013 1093 1060 1169 είς

13 1199 232 1283 ιῖῖάσφάλειαν
250 1198 591 1284 πραγματευσάμενοι,
611 1199 643 1264 εί
659 1199 703 1284 μή
722 1199 901 1284 παρελθὼν
920 1197 1060 1284 δΒρού-

48 1328 100 1382 τος
122 1303 240 1389 ἐπέσχε
262 1306 320 1381 τάς
343 1304 447 1389 δρμάς
470 1305 582 1370 αὐτῶν
603 1306 644 1369 τά
664 1301 725 1390 μὲν
743 1305 827 1369 ἀλλα
845 1307 953 1380 καλῶς
971 1305 1059 1388 ἐχειν
1073 1326 1100 1367 ιο

47 1419 89 1499 τῷ
114 1412 209 1499 δήμῳ
233 1410 350 1495 λέγων,
375 1412 436 1477 ὅσα
458 1411 479 1496 ή
503 1412 610 1495 βουλή
633 1411 835 1496 ὑπισχνεῖτο,
858 1407 914 1475 καί
932 1411 1060 1493 πολλὴν

50 1517 129 1604 αὕτη
156 1529 225 1583 τῶν
253 1517 542 1604 συγχωρηθέντων
569 1517 667 1604 χάριν
693 1520 781 1602 ἔχειν
803 1516 917 1595 ἀξιῶν·
952 1517 1060 1582 δεδοι-

49 1622 138 1690 κέναι
171 1622 286 1709 μέντοι
317 1626 377 1691 τὸν
409 1625 538 1690 ἅπαντα
569 1628 695 1709 χρόνον
727 1624 865 1709 φάσκων
896 1620 952 1688 καὶ
981 1627 1060 1701 τοὺς

51 1725 146 1808 αὖθίς
159 1753 240 1797 ποτε
253 1733 476 1818 τυραννικοὺς
490 1731 616 1816 ἀνδρας
630 1730 897 1816 ἐπιχειρήσοντας
912 1731 943 1794 εί
954 1731 1059 1814 τύχοι,

51 1835 121 1921 περὶ
147 1849 217 1904 τῶν
244 1839 433 1921 γεγονότων
460 1845 505 1925 τῷ
535 1838 629 1924 δήμῳ
653 1847 876 1921 μνησικακεῖν.
922 1839 1002 1921 μίαν
1026 1820 1101 1935 δ’125

52 1938 133 2008 εἶναι
151 1953 234 2010 πᾶσι
251 1955 321 2021 τοῖς
340 1945 508 2010 δεδοικόσι
526 1945 606 2021 τοὺς
623 1947 814 2030 κρείττονας
832 1946 940 2027 μόνην
955 1943 1060 2028 ἀσφά-

53 2054 139 2116 λειαν
157 2052 294 2135 ταύτην,
314 2052 345 2116 εί
361 2049 493 2134 γένοιτο
513 2051 626 2127 αὐτοῖς
645 2052 805 2135 φανερόν,
824 2049 876 2114 ὅτι
893 2059 963 2125 τοῖς
982 2052 1061 2133 βου-

53 2155 201 2240 λομένοις
224 2157 346 2234 αύτούς
368 2157 496 2222 ἀδικεῖν
520 2156 581 2240 ούχ
604 2156 743 2242 ὑπάρχει
767 2157 921 2240 δύναμις·
945 2155 1006 2232 ἕως
1026 2153 1056 2219 δ’

54 2260 92 2326 ἀν
112 2273 202 2350 παρή
224 2265 262 2328 τὸ
287 2263 457 2329 δύνασθαι
479 2264 519 2328 τὰ
541 2263 672 2348 πονηρὰ
697 2264 792 2347 δρᾶν,
816 2261 878 2327 οὐκ
897 2261 1061 2340 ἐλλείψειν

54 2381 117 2447 τοῖς
145 2381 306 2456 πονηροῖς
332 2372 370 2436 τὸ
398 2370 591 2454 βούλεσθαι.
635 2369 756 2454 ταύτης
783 2363 846 2434 οὖν
874 2369 906 2432 εί
928 2368 1061 2453 τύχοιεν
1075 2389 1102 2430 εο

14 2478 107 2559 ἀδεής
124 2475 317 2566 ἀσφαλείας,
341 2472 448 2542 οὐδὲν
466 2476 580 2552 αὐτοῖς
599 2477 647 2540 ἔτι
665 2477 807 2558 δεήσειν.
836 2473 1096 2557 ὑποτυχόντοςδ

56 2577 88 2644 δὲ
118 2591 179 2649 τοῦ
201 2586 378 2666 Μενηνίου
405 2579 460 2647 καὶ
487 2583 705 2658 κελεύσαντος
731 2577 840 2663 λέγειν
866 2581 928 2663 τήν
956 2579 1062 2664 ἀσφά-

56 2690 152 2773 λειαν,
176 2684 215 2774 ής
237 2692 286 2756 ἔτι
308 2691 368 2755 τὸν
389 2691 497 2773 δήμον
516 2694 619 2754 οἴεται
639 2689 783 2769 δεῖσθαι,
806 2690 1062 2773 Συγχωρήσατε,

57 2797 166 2880 φησίν,
188 2796 270 2881 ἡμῖν
292 2797 455 2881 ἄρχοντας
478 2794 716 2860 ἀποδεικνύναι
738 2789 817 2858 καθ’
839 2791 979 2858 ἕκαστον
997 2792 1063 2858 ἐνι-

58 2902 154 2966 αυτὸν
182 2901 215 2980 ἐξ
199 2901 337 2986 ξήμῶν
367 2902 622 2986 ὁσουσδήτινας,
651 2901 771 2977 οἵτινες
793 2901 897 2965 ἀλλον
920 2897 982 2983 μὲν
1006 2900 1062 2965 οὐ-
1075 2918 1102 2960 ει

123 3095 369 3165 ῖδπομενούντας
387 3094 439 3148 ΑΒ
500 3093 585 3148 4*τε
605 3091 780 3148 ἀπάντωνΟ
840 3093 992 3148 ὃάπεῖναι
1009 3092 1062 3147 ΔΒ

59 3175 122 3218 corr.
142 3164 262 3254 Sylburg
335 3173 368 3219 14
387 3163 474 3220 τὸυ”
456 3183 569 3219 απαντα
588 3162 690 3234 χρόνον
710 3163 732 3218 0
754 3163 830 3232 quod
849 3163 903 3218 def.
924 3161 1063 3217 casaubo-

58 3246 106 3285 nus
131 3235 180 3290 τὸν
199 3235 336 3299 είςεπειτα
355 3234 460 3328 χρόνον
475 3237 522 3290 vel
539 3235 589 3289 τὸν
608 3233 648 3298 είς
667 3232 764 3290 ἔπειτα
782 3233 883 3305 χρόνον
902 3250 925 3289 υ.
946 3234 1063 3303 Stepha-

59 3317 106 3356 nus
141 3307 226 3361 τδκ”
208 3327 322 3362 απαντα
340 3307 375 3362 τά
393 3306 467 3362 καλὰ
505 3308 661 3376 αραίνοντα
679 3304 818 3377 χρόνους.
835 3303 979 3374 Kiessling
1030 3311 1062 3359 19

59 3383 129 3445 παρή
132 3379 242 3448 ήπεριή
261 3396 284 3433 ο.
300 3377 465 3433 δυλιὶῖευῖεε
479 3328 623 3447 ἀαεεεδμρ
639 3381 643 3446 Ι
660 3372 781 3447 ἐλλείψει
796 3377 818 3432 0
838 3375 985 3447 μεαεῖετΒ
1029 3382 1061 3430 21

61 3443 165 3513 δεήσειν
183 3449 391 3520 Sylburgvj
340 3452 371 3504 δε
373 3448 476 3518 ήσειΟ
