2394 3912
125 208 200 308 378·
552 215 714 267 -ς-
824 203 829 210 ’
1014 273 1017 280 ,
1188 227 1189 268 ι

126 376 385 459 διαφθείραντες
402 372 458 440 καὶ
475 385 546 452 τοῖς
559 371 747 462 εὐεργέταις
765 375 931 459 ἀνόνητον
944 377 1139 458 ποιήσαντες

81 467 111 547 '3
124 481 187 564 τήν
209 482 308 568 χάριν
330 492 398 546 τῶν
420 483 544 548 πόνων.
585 489 690 546 ταῦτα
714 482 756 565 δή
778 479 833 546 καὶ
857 483 942 547 ἄλλα
964 481 1047 568 πρὸς
1065 481 1140 546 τού-

79 589 81 594 ’
124 610 195 665 τοις
218 589 317 672 ὅμοια
339 589 446 654 πολλὰ
468 591 600 672 ἔχοντες
618 585 728 672 λέγειν
745 589 830 674 πρὸς
847 588 933 672 ὑμᾶς
952 586 1014 652 ούιι
1031 586 1140 664 ἀξιοῦ-

126 717 198 778 μεν,
223 689 249 760 ὦ
271 698 451 779 πατρίκιοι,
473 695 558 781 πρὸς
582 697 706 773 ἱκεσίας
727 692 783 759 καὶ
804 696 934 778 δεήσεις
951 695 1048 779 ὑμῶν
1066 717 1140 776 τρα-

98 799 261 885 ῡπέσθαι,
284 798 358 866 οὐδ’
381 801 492 887 ὥσπερ
516 802 552 866 οί
571 803 612 868 τὰ
635 803 730 868 δεινὰ
753 803 950 886 δεδρακότες
973 797 1023 866 ἐπ’
1047 799 1140 886 ἀδείᾳ

125 905 180 972 καὶ
208 907 372 994 ἀμνηστίᾳ
399 908 551 974 κάθοδου
574 907 765 992 λαμβάνειν.
812 908 854 972 ού
877 910 944 993 μήν
967 907 1139 990 ἀκριβολο-

125 1016 265 1097 γεῖσθαί
278 1037 317 1097 γε
334 1011 410 1099 περὶ
428 1014 558 1080 τούτων
577 1014 614 1080 ἐν
632 1023 678 1102 τῷ
696 1016 838 1101 παρόντι
855 1015 998 1098 οἰόμεθα
1011 1021 1139 1098 χρήναι,

126 1119 238 1203 ἐπειδή
253 1117 329 1206 περὶ
343 1120 502 1206 ὁμονοίας
516 1120 744 1206 διαλεξόμενοι
758 1123 1050 1206 συνεληλύθαμεν,
1069 1117 1192 1186 ἀλλίιιῖ

125 1226 260 1313 ἀμελείᾳ
282 1224 338 1292 καὶ
361 1229 450 1313 λήθη
474 1229 682 1312 παραδόντες
705 1226 789 1294 αὐτὰ
812 1226 968 1314 φέρομεν.

87 1355 113 1395 ιο
193 1333 375 1400 LXXVIII.
405 1330 477 1418 Ἐφ’
501 1325 551 1410 οἷς
578 1330 617 1399 δὲ
643 1334 842 1419 πρεσβεύετε
865 1331 921 1398 καὶ
943 1336 1050 1400 τίνων
1074 1335 1140 1398 δεό

126 1464 222 1526 μενοι
245 1442 357 1526 ἥκετε,
378 1444 414 1506 τί
434 1441 475 1506 ού
498 1439 608 1524 λέγετε
631 1451 800 1526 φανερῶς;
824 1439 878 1506 ἐπὶ
899 1444 1013 1519 ποίαις
1037 1439 1140 1506 ἐλπίσι

125 1552 302 1616 κατελθεῖν
324 1548 410 1633 ἡμᾶς
431 1549 479 1624 εἰς
500 1548 562 1631 τήν
584 1551 684 1614 πόλιν
705 1547 851 1626 ἀξιοῦτε;
875 1549 978 1612 ποίαν
996 1547 1141 1631 ἡγεμόνα

126 1663 184 1738 τῆς
211 1654 294 1720 ὁδοῦ
322 1656 486 1738 λαβόντας
511 1654 633 1738 τύχηνς
666 1657 758 1732 τίνος
784 1651 1035 1738 ὑποδεξομένης
1062 1653 1142 1738 ἡμᾶς

105 1760 293 1850 Ιεὐθυμίας
319 1761 340 1845 ή
368 1770 485 1847 χαρᾶςς
514 1757 701 1846 οὐδὲνγὰρ
725 1761 801 1847 ἄχρι
824 1761 924 1826 τοῦδε
947 1761 1141 1847 φιλάνθρω-

88 1886 114 1927 15
127 1886 192 1932 πον
214 1867 310 1952 ὑμῶν
333 1866 353 1951 ή
376 1869 521 1954 χρηστὸν
544 1866 813 1953 προτεινομένων
836 1867 1013 1952 ἀκούομεν,
1039 1867 1082 1932 ού
1100 1890 1141 1932 τι-

128 1972 206 2058 μοίς,
229 1973 291 2040 οὐκ
313 1973 429 2060 ἀρχάς,
454 1975 516 2040 οὐκ
539 1974 773 2061 ἐπανόρθωσιν
797 1974 953 2058 ἀπορίας,
978 1973 1042 2040 οὐκ
1065 1975 1139 2039 ἄλλο

128 2079 239 2158 ἁπλῶς
267 2076 341 2146 οὐδ’
367 2081 491 2147 ὁτιοῦν.
536 2083 644 2146 καίτοι
672 2081 713 2147 οὐ
736 2080 846 2166 λέγειν
867 2082 955 2166 ὑμᾶς
978 2081 1097 2167 ἐχρῆν,
1123 2079 1140 2144 δ

128 2186 261 2271 μέλλετε
283 2199 408 2270 ποιεῖν,
437 2187 520 2252 ἀλλὰ
542 2191 741 2272 ποιήσαντες
763 2186 889 2272 λέγειν,
912 2188 969 2254 ἵνα
991 2193 1139 2274 προειλη·

129 2297 228 2378 φότες
246 2295 311 2378 ήδη
330 2317 362 2358 τι
381 2297 481 2379 ἔργον
499 2292 554 2360 ἀπ’
573 2295 706 2372 εύνοίας
723 2297 907 2379 γενόμενον
921 2291 976 2359 καὶ
991 2296 1033 2359 τὰ
1047 2295 1139 2360 λοιπὰ

88 2383 264 2498 {votam
288 2403 425 2468 ἔσεσθαι
444 2400 635 2487 εἰκάσωμεν.
673 2407 785 2487 οίομαι
803 2404 920 2467 τοίνυν
937 2401 1024 2484 πρὸς
1042 2409 1139 2464 ταῦτα

129 2507 218 2593 ἐρεῖν
242 2508 375 2592 αὐτούς,
399 2508 450 2573 ὅτι
472 2506 548 2594 περὶ
570 2508 705 2586 πάντων
728 2510 868 2592 ήκουσιν
892 2507 1139 2593 αὐτοκράτορες,

129 2611 230 2698 ὥσθ’,
253 2614 271 2680 ό
294 2637 326 2678 τι
350 2612 391 2680 ἀν
410 2616 576 2699 πείσωμεν
595 2613 770 2698 ἀλλήλους,
792 2610 883 2681 τοῦτ’
904 2617 998 2680 ἔσται
1017 2614 1139 2699 κύριον.
1156 2649 1162 2656 ·

129 2723 212 2787 ἔστω
236 2715 327 2787 ταῦτ’
350 2721 474 2804 ἀληθή·
505 2717 675 2805 γιγνέσθω
698 2721 889 2787 τάκόλουθα
911 2721 1056 2798 τούτοις·
1087 2719 1139 2784 ού

130 2824 188 2894 δέν
218 2827 388 2912 ἀντιλέγω.
433 2828 597 2912 βούλομαι
633 2824 670 2892 δὲ
702 2830 742 2893 τδι
776 2829 856 2912 μετὰ
882 2826 975 2892 ταῦτ’
1003 2827 1188 2910 ἐσόμεναῖῖθ

89 2957 114 2998 τε
129 2930 207 3021 παρ’
228 2935 339 3000 αὐτῶν
367 2939 506 3018 μαθεῖν,
540 2933 676 2999 ἐπειδὰν
704 2940 847 3019 εῖπωμεν
873 2934 984 3018 ἡμεῖς,
1015 2931 1065 3018 ἐφ’
1093 2923 1138 3007 οἷς

129 3042 287 3127 ἀξιοῦμεν
309 3047 481 3106 ποιεῖσθαι
498 3041 561 3124 τήν
578 3041 729 3106 κάθοδον
747 3039 804 3105 καὶ
817 3047 1023 3125 συγχωρηθῇ
1040 3047 1138 3103 ταῦτα

201 3196 411 3264 δήξιοῢμενθ
449 3196 582 3265 ἀξιοῦμεν
600 3195 745 3265 Kiessling
813 3195 951 3265 όὼσπερὶ
970 3195 1016 3249 Ba
1049 3192 1137 3259 ὥσπερ

130 3265 160 3320 οἷ
176 3266 252 3318 ABb
336 3271 367 3318 11
389 3260 480 3319 ἐλπίσι
502 3270 653 3321 κατελθεῖν
672 3267 746 3337 ἡμᾶς
765 3265 805 3330 εἰς
822 3287 846 3324 τ.
865 3287 893 3321 π.
913 3267 936 3319 Β
1019 3271 1049 3318 12
1068 3263 1137 3332 ἡμᾶς

50 3353 55 3362 ·
132 3331 238 3388 ἐλπίσιν
262 3332 302 3396 εἰς
323 3334 374 3402 τήν
397 3334 479 3389 πόλιν
503 3336 690 3400 κατελθόντες
707 3339 733 3390 Β.
823 3345 856 3392 13
875 3336 1008 3410 λαβόντες
1027 3333 1047 3390 0
1071 3351 1136 3387 corr.

131 3402 231 3454 Portus
254 3407 258 3468 Ι
278 3403 489 3472 ὑποδεξαμένης
506 3404 557 3460 AB
579 3409 583 3477 Ι
606 3407 680 3477 ἡμᾶς
698 3409 762 3464 add.
783 3411 804 3464 B
876 3415 912 3464 20
930 3406 1045 3480 οίομ<αι
1061 3403 1139 3478 το>ι-

132 3488 184 3520 νυν
202 3470 248 3522 Bb
321 3479 354 3525 23
373 3473 409 3526 τὰ
420 3474 616 3558 ,ἀκόλουθαΟ
