2384 3902
447 237 610 286 -Ε-
762 259 763 263 ’
974 233 1037 298 211

37 398 164 481 μυρίους
185 393 241 460 καὶ
264 399 476 481 τριακοσίους
495 397 666 480 Σαβίνων,
691 399 726 462 αί
725 397 891 482 χμάλωτοι
916 395 947 462 δ’
970 397 1041 483 έλή·

36 508 163 586 φθησαν
186 501 302 586 ὀλίγον
325 500 526 580 ἀποδέοντες
548 506 827 589 τετρακισχιλίων.
873 505 976 591 ταύτη
1000 513 1076 590 τη2

35 617 181 696 συμφορᾷ
218 613 390 698 τελευταίᾳ
427 609 533 694 πληγέ
532 634 662 688 ντεςο
644 612 853 695 οίΣαβῑνοι
887 610 1041 697 πρέσβεις

34 714 260 781 ἀπέστειλαν“
243 741 288 794 ως
309 717 370 782 τὸν
393 716 522 782 ύπατον
546 715 801 802 διαλεξομένους
823 716 899 803 περὶ
918 721 995 802 φιλί
992 743 1039 796 ας.

33 819 297 907 ἀναβαλλομένου
318 815 350 887 δ’
367 822 527 900 αύτοδςέ
511 821 564 888 ἐπὶ
582 823 644 907 την
658 824 786 908 βουλὴν
800 833 862 890 τοῦ
875 827 1038 909 Κασσίου,
1053 846 1067 888 ε

30 928 311 1014 παραγενηθέντες
344 931 391 1006 είς
414 924 543 1014 Ῥώμην
575 932 640 996 σὺν
672 936 778 1017 πολλῇ
808 932 918 1015 δεήσει
946 934 1040 1016 μόλις

31 1035 232 1118 εὑρίσκονται
270 1037 449 1120 διαλλαγάς
485 1034 541 1101 καὶ
572 1037 755 1103 κατάλυσιν
788 1045 849 1104 τοῦ
880 1037 1039 1123 πολέμου,

29 1145 113 1208 σῖτόν
135 1165 173 1208 τε
196 1151 236 1228 τῇ
260 1151 397 1230 στρατιᾷ
417 1145 545 1227 δόντες,
569 1143 650 1209 ὅσον
672 1143 803 1223 ἐπέταξε
818 1147 966 1223 Κάσσιος
984 1144 1040 1211 καί

11 1248 183 1335 ιοάργύριόν
207 1271 239 1313 τι
261 1251 382 1315 τακτὸν
405 1247 477 1315 κατ’
500 1251 608 1336 ἀνδρα
630 1248 685 1316 καί
709 1259 768 1335 γῆς
789 1251 1039 1337 πεφυτευμένης

26 1354 148 1442 πλέθρα
172 1358 284 1443 μύρια.
323 1360 473 1443 Σπόριος
496 1354 557 1442 μέν
581 1358 622 1442 δη
642 1359 791 1436 Κάσσιος
809 1361 980 1444 θρίαμβον
1002 1341 1078 1454 έκ130

26 1471 79 1526 τοῦ
104 1462 254 1548 πολέμου
280 1465 380 1530 τοῦδε
403 1467 601 1549 κατήγαγεν·
636 1465 653 1531 ὁ
677 1461 710 1532 δ’
732 1464 842 1551 ἔτερος
864 1475 932 1530 τῶν
955 1465 1038 1531 ὑπά-

25 1593 84 1634 των
112 1571 314 1656 Οὐεργίνιος
346 1569 398 1636 ἐπὶ
431 1573 493 1656 την
521 1575 764 1657 Καμαριναίων
795 1575 894 1638 πόλιν
923 1571 1037 1658 ἐστρά-

25 1695 133 1743 τευσεν
163 1674 225 1762 μὲν
254 1677 454 1762 ἀφεστῶσαν
482 1677 547 1744 άπὸ
574 1687 632 1764 της
654 1673 824 1763 Ῥωμαίων
851 1683 1037 1765 συμμαχίας

24 1786 97 1848 κατὰ
115 1785 219 1850 τόνδε
237 1786 297 1849 τὸν
315 1786 473 1869 πόλεμον,
493 1786 584 1869 άγων
602 1785 664 1869 τὴν
683 1785 837 1871 ἡμίσειαν
852 1794 910 1871 τῆς
924 1783 1037 1872 ἑτέρας

24 1899 182 1974 στρατιάς,
208 1891 339 1986 φράσας
358 1888 388 1957 δ’
408 1891 534 1974 οὐδενί,
553 1902 614 1958 ποί
629 1890 740 1976 μέλλει
758 1893 962 1979 πορεύεσθαι
980 1890 1036 1958 καί
1051 1911 1076 1952 1⁵

23 1995 71 2060 διά
92 1999 218 2074 νυκτὸς
241 1997 366 2076 ἀνύσας
384 1999 446 2082 τὴν
464 1998 557 2081 ὁδόν,
582 1999 637 2064 ίνα
656 1998 899 2085 ἀπαρασκεύοις
917 1997 972 2064 καὶ
990 2000 1035 2083 μη

20 2103 192 2187 προειδόσι
216 2105 278 2188 τὴν
301 2106 429 2188 ἔφοδον
447 2115 523 2182 ,τοῖς
546 2106 647 2171 ἔνδον
670 2105 837 2190 ἐπιθῆται·
876 2106 956 2191 ὅπερ
979 2103 1070 2171 καὶ4
1107 2173 1108 2176 ,

21 2208 150 2294 συνέβη.
195 2214 375 2297 γενόμενος
399 2213 462 2297 γάρ
486 2213 630 2296 πλησίον
652 2219 712 2277 τοῦ
736 2215 865 2296 τείχους
888 2212 1035 2288 άπαντας

20 2317 136 2382 ἔλαθεν
162 2318 239 2400 άρτι
261 2326 318 2402 τῆς
340 2316 464 2404 ἡμέρας
487 2319 702 2402 διαυγούσης,
726 2315 781 2382 καὶ
800 2315 881 2403 πρὶν
898 2316 918 2400 ἢ
937 2339 1035 2382 κατα-

20 2424 343 2508 στρατοπεδεύεσθαι
369 2427 485 2509 κριοὺς
508 2422 695 2511 προσέφερε
718 2422 774 2490 καὶ
796 2427 956 2509 κλίμακας
977 2421 1033 2489 καὶ
1047 2443 1074 2484 ιο

18 2529 100 2615 πάση
131 2529 345 2616 πολιορκίας
360 2530 476 2616 ἐχρῆτο
508 2529 589 2617 ίδέηι.
634 2540 702 2595 τῶν
730 2528 767 2595 δέ
795 2533 1035 2615 Καμαριναίων

18 2635 295 2722 καταπλαγέντων
317 2639 356 2703 τὸ
379 2638 553 2722 αίφνίδιον
576 2645 633 2722 τῆς
653 2640 837 2723 παρουσίας
856 2637 961 2702 αὐτοῦ
979 2635 1035 2703 καὶ

18 2753 77 2808 τῶν
101 2742 169 2830 μὲν
193 2743 343 2828 ἀνοίγειν
364 2746 423 2822 τάς
444 2745 552 2821 πύλας
573 2742 629 2809 καὶ
653 2742 811 2829 δέχεσθαι
828 2745 888 2810 τὸν
905 2745 1034 2810 ύτιατον

19 2847 219 2935 ἀξιούντων,
250 2860 318 2916 τῶν
347 2847 377 2914 δ’
405 2849 594 2935 ἀμύνεσθαι
621 2851 711 2936 πάση
739 2851 879 2935 δυνάμει
905 2849 961 2919 καὶ
988 2852 1032 2935 μὴ

17 2955 174 3042 παριέναι
196 2959 275 3033 τοὺς
298 2959 477 3042 πολεμίους
500 2957 635 3041 είσω,έ
635 2981 656 3022 ν
619 2948 705 3045 έςό
728 2959 766 3024 τὸ
789 2960 1032 3042 ταραττόμενόν
1046 2975 1072 3015 25
1120 2957 1125 2964 ’

15 3218 35 3273 Ο
127 3223 142 3275 t
119 3146 355 3274 έλτβξθησανΒ
435 3135 698 3277 3τελεντηαι>ηιΒ
781 3151 908 3206 όάναλοι
890 3149 1030 3274 αβομένον

55 3159 127 3292 μέμυ
143 3238 177 3276 er

292 3228 324 3276 13
347 3221 579 3312 *ἀφεστῶσανμ
632 3224 654 3276 0
691 3219 743 3291 μὲν
767 3220 821 3274 del.
842 3219 908 3274 Rois
931 3237 1031 3275 e-ver

11 3239 108 3346 borum
128 3292 260 3347 ordinem
278 3291 387 3346 mutavi
407 3295 412 3362 Ι
432 3313 482 3362 της
499 3301 555 3346 τῶν
569 3291 712 3363 Ρωμαίων
733 3293 755 3348 Ο
775 3293 887 3362 praeter
904 3291 927 3344 Β
997 3298 1031 3346 14

13 3356 106 3433 ἑτέρας
122 3363 229 3420 add.B
271 3369 305 3416 15
320 3361 624 3446 ούδεν<λ>ΒΙποίιο
658 3383 707 3418 ποι
699 3363 824 3418 Rmske
867 3370 900 3418 16
920 3363 1031 3433 ἀπαρα-
1122 3427 1123 3432 ¹

12 3451 74 3489 ωιοε
76 3435 219 3497 άστοιςΟ
248 3453 318 3490 corr.
338 3435 442 3490 Reiske
534 3441 567 3489 19
587 3433 686 3507 ἔλαβεν
704 3435 751 3488 Ba
840 3441 874 3489 20
894 3436 1031 3505 κλίμακας

11 3515 131 3577 προςῆγε
154 3505 179 3560 Ο
197 3508 310 3577 praeter
327 3506 350 3559 Β
424 3512 458 3562 25
476 3511 611 3578 παρεῖναι
629 3508 651 3560 Β

816 3592 871 3646 14*
