2384 3902
452 239 616 289 ..Ε-

35 415 144 462 σουται
167 397 248 462 κατά
272 397 397 481 σχολὴν
420 397 536 464 ὅντινα
558 402 684 485 τρόπον
707 401 830 478 αὐτοὺς
853 401 1042 486 ἀμύνεσθαι

35 506 99 589 χρη.
140 499 198 568 Ἐν
231 495 257 592 ᾧ
292 501 329 570 δὲ
360 499 452 571 ταῦτ’
483 504 657 592 ἐπράττετο
690 509 816 596 χρόνῳ,
849 512 1078 594 συνωμοσία3

34 611 108 675 κατά
134 618 193 694 της
219 613 348 689 πόλεως
376 610 506 696 ἐγένετο
530 614 664 679 θοόλων
687 625 821 699 συχνῶν
844 615 1041 702 συνειπαμέ-

34 741 97 782 νων
126 719 187 795 τάς
218 714 249 782 τ’
276 721 388 804 ’ἀκρας
420 718 667 804 καταλαβέσθαι
698 721 754 787 καὶ
786 723 869 788 κατά
897 725 1042 799 πολλοὺς

34 824 191 911 ἐμπρῆσαι
218 828 341 904 τόπους
366 826 428 910 τὴν
450 830 558 893 πόλιν.
604 829 778 912 μηνύσεως
802 825 839 894 δὲ
861 827 1069 913 γενομένηςε

33 931 90 996 ὑπὸ
116 941 186 998 τῶν
214 935 420 1000 συνειδότων
448 935 525 1019 <αί>
553 935 655 1000 πάλαι
677 932 706 1000 τ’
729 935 793 1000 ὑπὸ
816 945 884 1001 τῶν
906 934 1042 1000 ὑπάτων

33 1038 129 1116 εὐθὺς
158 1038 342 1124 ἐκλείοντο,
374 1038 430 1106 καὶ
458 1041 564 1106 πάντα
593 1043 634 1107 τά
662 1041 807 1128 ἐρύματα
834 1050 892 1126 τῆς
918 1045 1044 1118 πόλεως

32 1145 89 1210 ὑπὸ
118 1156 189 1212 τῶν
222 1145 349 1212 ίππέων
381 1151 591 1232 κατείληπτο·
628 1146 683 1214 καὶ
713 1149 830 1214 αὐτίκα
858 1150 894 1213 οί
917 1146 979 1233 μέν
1007 1148 1044 1214 έκ

8 1263 91 1318 ιοτῶν
113 1254 232 1320 οἰκιῶν
256 1253 523 1339 συλληφθέντες,
551 1256 587 1321 οί
607 1253 638 1320 θ’
661 1254 698 1321 έκ
720 1265 787 1320 τῶν
806 1255 919 1339 ἀγρῶν
943 1255 1043 1341 ἀναχ-

32 1357 154 1443 θέντες,
190 1358 298 1449 ὅσουςξ
318 1359 513 1448 ζάπέφαινον
546 1363 582 1427 οί
607 1359 750 1447 μηνυταὶ
783 1372 957 1447 μετασχεῖν
984 1372 1043 1446 της
1056 1383 1084 1421 10

32 1468 248 1551 συνωμοσίας,
273 1466 403 1552 μάστιξι
426 1466 482 1533 καὶ
504 1468 664 1552 βασάνοις
682 1466 889 1544 αἰκισθέντες
908 1467 1043 1534 ἀνεσκο-

32 1576 239 1658 λοπίσθησαν
263 1575 412 1653 ἀπαντες.
458 1572 550 1642 ταῦτ’
573 1574 626 1642 έπί
648 1577 777 1642 τούτων
801 1575 950 1661 ἐπράχθη
974 1586 1042 1640 τῶν

32 1679 171 1747 ὑπάτων.

90 1787 163 1853 LII.
191 1791 394 1875 Σερουιλίου
417 1786 455 1854 δὲ
474 1792 661 1856 Σολπικίου
678 1793 872 1876 Καμερινοῦ
894 1787 950 1854 καὶ
964 1792 1042 1855 Μα-

31 1895 100 1960 νίου
127 1898 275 1960 Τυλλίου
304 1898 442 1980 Λόγγου
469 1897 530 1980 την
549 1887 665 1982 ἱἀρχὴν
691 1898 955 1982 παραλαβόντων
981 1900 1041 1961 Φι-
1058 1915 1083 1955 15

33 2001 176 2083 θηναίων
193 1999 282 2079 τινὲς
300 2003 390 2087 παρὰ
409 2005 605 2087 Ταρκυνίων
619 2005 820 2089 στρατιώτας
834 2003 1043 2087 μεταπεμψά-

31 2131 117 2192 μενοι
141 2110 205 2192 τὴν
228 2110 334 2193 ἀκραν
358 2109 678 2194 καταλαμβάνονται,
703 2107 758 2174 καὶ
782 2120 849 2175 τῶν
873 2110 917 2193 μὴ
942 2109 1045 2173 ταύιά

30 2214 301 2302 προαιρουμένων
325 2215 384 2292 οὓς
407 2212 468 2300 μέν
493 2217 766 2302 διαφθείραντες,
796 2215 854 2292 οὓς
879 2213 909 2279 θ’
935 2213 1043 2292 ἐξελά-

31 2338 157 2406 σαντες,
194 2322 373 2407 ἀφιστᾶσιν
405 2317 507 2399 αὖθις
539 2321 602 2387 ἀπὸ
631 2319 800 2406 Ῥωμαίων
832 2323 894 2405 τὴν
926 2322 1041 2385 πόλιν·

31 2430 201 2514 πρεσβείας
228 2451 263 2494 τε
282 2425 461 2513 Ῥωμαικῆς
490 2426 693 2512 ἀφικομένης
721 2429 879 2514 ὥρμησαν
908 2423 969 2512 μὲν
997 2426 1042 2512 ὡς
1057 2445 1097 2501 το,

31 2538 196 2620 πολεμίοις
218 2537 409 2620 χρησασθαι
429 2543 499 2610 τοῖς
517 2533 670 2620 ἀνδράσι,
693 2531 901 2610 κωλυθέντες
921 2529 953 2598 θ’
976 2532 1040 2598 ὑπὸ

32 2650 92 2704 τῶν
119 2639 356 2726 πρεσβυτέρων
384 2637 540 2724 ἐξέβαλον
564 2639 686 2717 αὐτοὺς
710 2639 800 2722 [ἀπὸ]
825 2648 882 2724 τῆς
905 2643 1043 2722 πόλεως,

33 2747 102 2812 οὔτε
132 2749 253 2813 δοῦναι
281 2749 384 2830 λόγον
408 2736 606 2826 ἀξιώσαντες
630 2745 706 2812 οὔτε
728 2750 853 2831 λαβεῖν.
899 2741 999 2813 ταῦθ’
1022 2747 1080 2830 η2

8 2855 132 2938 ιτβουλη
156 2863 225 2919 τῶν
243 2847 413 2938 Ῥωμαίων
431 2858 589 2937 μαθοῦσα
607 2855 690 2938 πρὸς
708 2832 770 2938 μέν
788 2853 825 2918 τὸ
844 2854 961 2919 κοινὸν
979 2863 1047 2918 τῶν

34 2963 185 3026 Λατίνων
218 2960 310 3025 οὕτω
344 2960 405 3024 τὸν
431 2961 578 3044 πόλεμον
606 2957 759 3045 ἐκφέρειν
786 2961 962 3044 πρόθυμος
990 2954 1044 3041 ἦν,
1059 2977 1086 3018 ει

33 3066 268 3152 πυνθανομένη
292 3068 336 3151 μὴ
360 3075 463 3132 πᾶσιν
485 3060 572 3131 εἶναι
594 3067 635 3130 τά
657 3063 872 3150 ψηφισθέντα
893 3063 957 3129 ὑπὸ
976 3073 1043 3128 τῶν

100 3231 114 3277 6
128 3225 197 3297 ὑπὸ]
213 3220 244 3280 έκ
260 3241 282 3280 ο.
293 3223 436 3292 Kiessling
464 3223 520 3278 ἀπὸ
536 3223 709 3292 Grasberger
723 3223 799 3278 Tess.
814 3219 929 3290 Herbip.
944 3238 971 3288 p.
986 3226 1020 3274 28
1040 3221 1042 3283 Ι

34 3291 63 3346 αί
83 3295 145 3351 add.
164 3295 268 3350 Reiske
342 3302 357 3351 7
377 3293 482 3357 πόλεως
505 3295 594 3356 εὐθὺς
617 3294 672 3349 ὑπὸ
691 3294 714 3346 Β
787 3290 1002 3364 θ’ἀπαχθένιες
1021 3309 1043 3346 ο.

33 3361 171 3436 Kiessling
244 3373 276 3421 11
301 3365 570 3441 <αί>κισθέντεςΒ
644 3371 677 3421 15
701 3373 750 3421 τοῦ
777 3363 936 3419 ΤυλλίουΒ
1012 3370 1043 3418 17

34 3433 84 3490 *ιά
102 3437 215 3493 αάτάΟ
301 3443 333 3492 18
352 3436 659 3510 προ<αι>ροόμενοιΒ
741 3442 774 3491 22
800 3436 921 3498 *αὐτοὺς
944 3434 1043 3489 άπὸΟ

34 3506 86 3561 ιιι
106 3508 198 3563 delevi
222 3505 252 3563 τι
273 3525 294 3563 0.
316 3508 405 3562 cobet
425 3507 488 3562 οι.
508 3524 536 3575 p.
555 3513 602 3561 ιιι
1101 3465 1184 3868 χ
