<?xml version="1.0" encoding="UTF-8"?>
<!DOCTYPE html PUBLIC "-//W3C//DTD XHTML 1.0 Transitional//EN"
    "http://www.w3.org/TR/xhtml1/DTD/xhtml1-transitional.dtd">
<html xmlns="http://www.w3.org/1999/xhtml" xml:lang="en" lang="en">
 <head>
  <title>
</title>
<meta http-equiv="Content-Type" content="text/html;charset=utf-8" />
  <meta name='ocr-system' content='tesseract 3.04.00' />
  <meta name='ocr-capabilities' content='ocr_page ocr_carea ocr_par ocr_line ocrx_word'/>
</head>
<body>
  <div class='ocr_page' id='page_1' title='image "./antiquitatumrom01jacogoog_0402.png"; bbox 0 0 2394 3912; ppageno 0'>
   <div class='ocr_carea' id='block_1_1' title="bbox 472 187 1060 252">
    <p class='ocr_par' dir='ltr' id='par_1_1' title="bbox 472 187 1060 252">
     <span class='ocr_line' id='line_1_1' title="bbox 472 187 1060 252; baseline 0.002 -1"><span class='ocrx_word' id='word_1_1' title='bbox 472 189 633 242; x_wconf 65' lang='grc' dir='ltr'><strong><em>-ς-</em></strong></span> <span class='ocrx_word' id='word_1_2' title='bbox 996 187 1060 252; x_wconf 85' lang='grc'><strong><em>391</em></strong></span> 
     </span>
    </p>
   </div>
   <div class='ocr_carea' id='block_1_2' title="bbox 6 343 1102 2878">
    <p class='ocr_par' dir='ltr' id='par_1_2' title="bbox 6 343 1102 2878">
     <span class='ocr_line' id='line_1_2' title="bbox 36 343 1062 434; baseline 0.008 -28"><span class='ocrx_word' id='word_1_3' title='bbox 36 343 162 422; x_wconf 76' lang='grc' dir='ltr'><strong><em>αὐτοῖς</em></strong></span> <span class='ocrx_word' id='word_1_4' title='bbox 189 351 366 432; x_wconf 78' lang='grc' dir='ltr'><strong><em>κομίζεται·</em></strong></span> <span class='ocrx_word' id='word_1_5' title='bbox 398 350 436 415; x_wconf 86' lang='grc' dir='ltr'><strong><em>τὸ</em></strong></span> <span class='ocrx_word' id='word_1_6' title='bbox 465 346 502 414; x_wconf 73' lang='grc' dir='ltr'><strong><em>δὲ</em></strong></span> <span class='ocrx_word' id='word_1_7' title='bbox 531 353 635 434; x_wconf 81' lang='grc' dir='ltr'><strong>στόμα</strong></span> <span class='ocrx_word' id='word_1_8' title='bbox 664 351 715 416; x_wconf 80' lang='grc' dir='ltr'><strong><em>ὅτι</em></strong></span> <span class='ocrx_word' id='word_1_9' title='bbox 742 347 939 434; x_wconf 75' lang='grc' dir='ltr'><em>φθέγγεται·</em></span> <span class='ocrx_word' id='word_1_10' title='bbox 960 349 996 433; x_wconf 83' lang='grc' dir='ltr'><strong><em>’ἡ</em></strong></span> <span class='ocrx_word' id='word_1_11' title='bbox 1026 346 1062 414; x_wconf 71' lang='grc' dir='ltr'><strong><em>θλ</em></strong></span> 
     </span>
     <span class='ocr_line' id='line_1_3' title="bbox 37 453 1063 542; baseline 0.008 -28"><span class='ocrx_word' id='word_1_12' title='bbox 37 455 190 536; x_wconf 79' lang='grc' dir='ltr'><strong><em>κεφαλή,</em></strong></span> <span class='ocrx_word' id='word_1_13' title='bbox 219 454 269 520; x_wconf 86' lang='grc' dir='ltr'><strong><em>ὅτι</em></strong></span> <span class='ocrx_word' id='word_1_14' title='bbox 297 455 359 542; x_wconf 83' lang='grc' dir='ltr'><strong><em>ὁρᾷ</em></strong></span> <span class='ocrx_word' id='word_1_15' title='bbox 387 454 442 521; x_wconf 86' lang='grc' dir='ltr'><strong><em>καὶ</em></strong></span> <span class='ocrx_word' id='word_1_16' title='bbox 467 455 582 522; x_wconf 84' lang='grc' dir='ltr'><strong><em>ἀκούει</em></strong></span> <span class='ocrx_word' id='word_1_17' title='bbox 605 453 740 533; x_wconf 80' lang='grc' dir='ltr'><strong><em>καὶτὰς</em></strong></span> <span class='ocrx_word' id='word_1_18' title='bbox 763 458 864 533; x_wconf 86' lang='grc' dir='ltr'><strong><em>άλλας</em></strong></span> <span class='ocrx_word' id='word_1_19' title='bbox 888 458 1063 540; x_wconf 77' lang='grc' dir='ltr'><strong><em>αἰσθήσεις</em></strong></span> 
     </span>
     <span class='ocr_line' id='line_1_4' title="bbox 38 556 1061 648; baseline 0.007 -29"><span class='ocrx_word' id='word_1_20' title='bbox 38 561 273 642; x_wconf 77' lang='grc' dir='ltr'><strong><em>περιλαβοῦσα</em></strong></span> <span class='ocrx_word' id='word_1_21' title='bbox 300 561 407 638; x_wconf 90' lang='grc' dir='ltr'><strong><em>πάσας</em></strong></span> <span class='ocrx_word' id='word_1_22' title='bbox 435 563 515 647; x_wconf 80' lang='grc' dir='ltr'><strong><em>ἔχει,</em></strong></span> <span class='ocrx_word' id='word_1_23' title='bbox 545 559 589 626; x_wconf 78' lang='grc' dir='ltr'><strong><em>δι’</em></strong></span> <span class='ocrx_word' id='word_1_24' title='bbox 615 556 663 627; x_wconf 81' lang='grc' dir='ltr'><strong><em>ὧν</em></strong></span> <span class='ocrx_word' id='word_1_25' title='bbox 691 562 827 640; x_wconf 75' lang='grc' dir='ltr'><strong><em>σώζεται</em></strong></span> <span class='ocrx_word' id='word_1_26' title='bbox 853 563 891 628; x_wconf 83' lang='grc' dir='ltr'><strong><em>τὸ</em></strong></span> <span class='ocrx_word' id='word_1_27' title='bbox 914 571 1061 648; x_wconf 83' lang='grc' dir='ltr'><strong><em>πρᾶγμα·</em></strong></span> 
     </span>
     <span class='ocr_line' id='line_1_5' title="bbox 36 656 1065 755; baseline 0.007 -30"><span class='ocrx_word' id='word_1_28' title='bbox 36 656 117 726; x_wconf 79' lang='grc' dir='ltr'><strong><em>εἶτα</em></strong></span> <span class='ocrx_word' id='word_1_29' title='bbox 145 677 246 748; x_wconf 77' lang='grc' dir='ltr'><strong><em>φαῖεν</em></strong></span> <span class='ocrx_word' id='word_1_30' title='bbox 272 667 356 753; x_wconf 83' lang='grc' dir='ltr'><strong><em>πρὸς</em></strong></span> <span class='ocrx_word' id='word_1_31' title='bbox 381 669 444 752; x_wconf 79' lang='grc' dir='ltr'><strong><em>τὴν</em></strong></span> <span class='ocrx_word' id='word_1_32' title='bbox 471 667 629 755; x_wconf 78' lang='grc' dir='ltr'><strong><em>γαστέρα·</em></strong></span> <span class='ocrx_word' id='word_1_33' title='bbox 661 671 715 734; x_wconf 84' lang='grc' dir='ltr'><strong><em>Σὺ</em></strong></span> <span class='ocrx_word' id='word_1_34' title='bbox 739 665 783 752; x_wconf 79' lang='grc' dir='ltr'><strong><em>θ’,</em></strong></span> <span class='ocrx_word' id='word_1_35' title='bbox 812 664 838 734; x_wconf 84' lang='grc' dir='ltr'><em>ὦ</em></span> <span class='ocrx_word' id='word_1_36' title='bbox 861 671 1003 754; x_wconf 83' lang='grc' dir='ltr'><strong><em>χρηστή,</em></strong></span> <span class='ocrx_word' id='word_1_37' title='bbox 1029 673 1065 733; x_wconf 87' lang='grc' dir='ltr'><strong><em>τί</em></strong></span> 
     </span>
     <span class='ocr_line' id='line_1_6' title="bbox 37 769 1089 861; baseline 0.008 -29"><span class='ocrx_word' id='word_1_38' title='bbox 37 769 176 836; x_wconf 83' lang='grc' dir='ltr'><strong><em>τούτων</em></strong></span> <span class='ocrx_word' id='word_1_39' title='bbox 203 785 308 851; x_wconf 78' lang='grc' dir='ltr'><strong><em>ποιεῖς</em></strong></span> <span class='ocrx_word' id='word_1_40' title='bbox 335 773 356 858; x_wconf 72' lang='grc' dir='ltr'>ἢ</span> <span class='ocrx_word' id='word_1_41' title='bbox 379 777 430 852; x_wconf 90' lang='grc' dir='ltr'><strong><em>τίς</em></strong></span> <span class='ocrx_word' id='word_1_42' title='bbox 452 774 543 840; x_wconf 85' lang='grc' dir='ltr'><strong><em>ἐστιν</em></strong></span> <span class='ocrx_word' id='word_1_43' title='bbox 566 774 586 858; x_wconf 76' lang='grc' dir='ltr'><em>ἡ</em></span> <span class='ocrx_word' id='word_1_44' title='bbox 610 776 652 859; x_wconf 78' lang='grc' dir='ltr'><strong><em>σὴ</em></strong></span> <span class='ocrx_word' id='word_1_45' title='bbox 676 776 771 861; x_wconf 92' lang='grc' dir='ltr'><strong><em>χάρις</em></strong></span> <span class='ocrx_word' id='word_1_46' title='bbox 793 774 873 860; x_wconf 76' lang='grc' dir='ltr'><strong><em>ἡμῖν</em></strong></span> <span class='ocrx_word' id='word_1_47' title='bbox 895 772 951 840; x_wconf 82' lang='grc' dir='ltr'><strong><em>καὶ</em></strong></span> <span class='ocrx_word' id='word_1_48' title='bbox 975 773 1089 859; x_wconf 67' lang='grc' dir='ltr'><strong><em>ίιφέ-τ»</em></strong></span> 
     </span>
     <span class='ocr_line' id='line_1_7' title="bbox 38 878 1061 968; baseline 0.007 -29"><span class='ocrx_word' id='word_1_49' title='bbox 38 880 131 956; x_wconf 77' lang='grc' dir='ltr'><strong><em>λειας</em></strong></span> <span class='ocrx_word' id='word_1_50' title='bbox 161 878 245 946; x_wconf 84' lang='grc' dir='ltr'><strong><em>ἀλλά</em></strong></span> <span class='ocrx_word' id='word_1_51' title='bbox 273 882 316 947; x_wconf 85' lang='grc' dir='ltr'><strong><em>σύ</em></strong></span> <span class='ocrx_word' id='word_1_52' title='bbox 343 906 381 965; x_wconf 92' lang='grc' dir='ltr'><strong><em>γε</em></strong></span> <span class='ocrx_word' id='word_1_53' title='bbox 404 891 567 948; x_wconf 88' lang='grc' dir='ltr'><strong><em>τοσοῦτον</em></strong></span> <span class='ocrx_word' id='word_1_54' title='bbox 590 880 720 966; x_wconf 88' lang='grc' dir='ltr'><strong><em>ἀπέχεις</em></strong></span> <span class='ocrx_word' id='word_1_55' title='bbox 742 891 804 946; x_wconf 92' lang='grc' dir='ltr'><strong><em>τοῦ</em></strong></span> <span class='ocrx_word' id='word_1_56' title='bbox 826 882 982 968; x_wconf 89' lang='grc' dir='ltr'><strong><em>πράττειν</em></strong></span> <span class='ocrx_word' id='word_1_57' title='bbox 1005 878 1061 946; x_wconf 85' lang='grc' dir='ltr'><strong><em>καλ</em></strong></span> 
     </span>
     <span class='ocr_line' id='line_1_8' title="bbox 39 986 1061 1074; baseline 0.006 -27"><span class='ocrx_word' id='word_1_58' title='bbox 39 991 303 1070; x_wconf 76' lang='grc' dir='ltr'><strong><em>συγκατορθοῦν</em></strong></span> <span class='ocrx_word' id='word_1_59' title='bbox 329 986 410 1071; x_wconf 75' lang='grc' dir='ltr'><strong><em>ἡμῖν</em></strong></span> <span class='ocrx_word' id='word_1_60' title='bbox 436 987 511 1072; x_wconf 89' lang='grc' dir='ltr'><strong><em>&lt;τι&gt;</em></strong></span> <span class='ocrx_word' id='word_1_61' title='bbox 539 997 607 1054; x_wconf 89' lang='grc' dir='ltr'><strong><em>τῶν</em></strong></span> <span class='ocrx_word' id='word_1_62' title='bbox 633 995 729 1072; x_wconf 76' lang='grc' dir='ltr'><strong><em>κοινῇ</em></strong></span> <span class='ocrx_word' id='word_1_63' title='bbox 757 990 944 1074; x_wconf 85' lang='grc' dir='ltr'><strong><em>χρησίμων,</em></strong></span> <span class='ocrx_word' id='word_1_64' title='bbox 977 988 1061 1053; x_wconf 80' lang='grc' dir='ltr'><strong><em>ὥστε</em></strong></span> 
     </span>
     <span class='ocr_line' id='line_1_9' title="bbox 38 1087 1060 1180; baseline 0.004 -26"><span class='ocrx_word' id='word_1_65' title='bbox 38 1087 99 1154; x_wconf 84' lang='grc' dir='ltr'><strong><em>καλ</em></strong></span> <span class='ocrx_word' id='word_1_66' title='bbox 124 1090 352 1178; x_wconf 75' lang='grc' dir='ltr'><strong><em>ἀντιπράττεις</em></strong></span> <span class='ocrx_word' id='word_1_67' title='bbox 374 1091 430 1160; x_wconf 80' lang='grc' dir='ltr'><strong><em>καὶ</em></strong></span> <span class='ocrx_word' id='word_1_68' title='bbox 453 1093 599 1178; x_wconf 76' lang='grc' dir='ltr'><strong><em>ἐνοχλεῖς</em></strong></span> <span class='ocrx_word' id='word_1_69' title='bbox 621 1097 692 1177; x_wconf 90' lang='grc' dir='ltr'><strong><em>καί,</em></strong></span> <span class='ocrx_word' id='word_1_70' title='bbox 719 1103 853 1179; x_wconf 85' lang='grc' dir='ltr'><strong><em>πρᾶγμα</em></strong></span> <span class='ocrx_word' id='word_1_71' title='bbox 877 1094 1060 1180; x_wconf 87' lang='grc' dir='ltr'><strong><em>ἀφόρητον,</em></strong></span> 
     </span>
     <span class='ocr_line' id='line_1_10' title="bbox 6 1196 1061 1284; baseline 0.006 -24"><span class='ocrx_word' id='word_1_72' title='bbox 6 1196 222 1283; x_wconf 78' lang='grc' dir='ltr'><strong><em>38ὑπηρετείν</em></strong></span> <span class='ocrx_word' id='word_1_73' title='bbox 246 1198 437 1282; x_wconf 76' lang='grc' dir='ltr'><strong><em>ἀναγκάζεις</em></strong></span> <span class='ocrx_word' id='word_1_74' title='bbox 459 1197 514 1265; x_wconf 80' lang='grc' dir='ltr'><strong><em>καὶ</em></strong></span> <span class='ocrx_word' id='word_1_75' title='bbox 537 1199 654 1284; x_wconf 88' lang='grc' dir='ltr'><strong><em>φέρειν</em></strong></span> <span class='ocrx_word' id='word_1_76' title='bbox 678 1199 911 1283; x_wconf 79' lang='grc' dir='ltr'><strong><em>ἁπανταχόθεν</em></strong></span> <span class='ocrx_word' id='word_1_77' title='bbox 934 1203 982 1277; x_wconf 85' lang='grc' dir='ltr'><strong><em>είς</em></strong></span> <span class='ocrx_word' id='word_1_78' title='bbox 998 1201 1061 1284; x_wconf 79' lang='grc' dir='ltr'><strong><em>τὴν</em></strong></span> 
     </span>
     <span class='ocr_line' id='line_1_11' title="bbox 40 1277 1102 1400; baseline 0.006 -34"><span class='ocrx_word' id='word_1_79' title='bbox 40 1277 253 1390; x_wconf 73' lang='grc' dir='ltr'><strong><em>ἐκπληριέσιν</em></strong></span> <span class='ocrx_word' id='word_1_80' title='bbox 276 1317 343 1370; x_wconf 85' lang='grc' dir='ltr'><strong><em>τῶν</em></strong></span> <span class='ocrx_word' id='word_1_81' title='bbox 371 1315 511 1390; x_wconf 80' lang='grc' dir='ltr'><strong><em>σεαυτῆς</em></strong></span> <span class='ocrx_word' id='word_1_82' title='bbox 534 1306 731 1390; x_wconf 79' lang='grc' dir='ltr'><strong><em>ἐπιθυμιῶν.</em></strong></span> <span class='ocrx_word' id='word_1_83' title='bbox 768 1305 861 1390; x_wconf 90' lang='grc' dir='ltr'><strong><em>φέρε,</em></strong></span> <span class='ocrx_word' id='word_1_84' title='bbox 884 1309 919 1371; x_wconf 86' lang='grc' dir='ltr'><strong><em>τί</em></strong></span> <span class='ocrx_word' id='word_1_85' title='bbox 940 1306 982 1372; x_wconf 86' lang='grc' dir='ltr'><strong><em>οὐ</em></strong></span> <span class='ocrx_word' id='word_1_86' title='bbox 1005 1287 1102 1400; x_wconf 50' lang='grc' dir='ltr'><strong><em>με-ξλ0</em></strong></span> 
     </span>
     <span class='ocr_line' id='line_1_12' title="bbox 39 1409 1060 1498; baseline 0.004 -26"><span class='ocrx_word' id='word_1_87' title='bbox 39 1411 274 1495; x_wconf 85' lang='grc' dir='ltr'><strong><em>ταποιοῦμεθα</em></strong></span> <span class='ocrx_word' id='word_1_88' title='bbox 294 1420 352 1496; x_wconf 80' lang='grc' dir='ltr'><strong><em>της</em></strong></span> <span class='ocrx_word' id='word_1_89' title='bbox 371 1411 574 1498; x_wconf 80' lang='grc' dir='ltr'><strong><em>ἐλευθερίας,</em></strong></span> <span class='ocrx_word' id='word_1_90' title='bbox 593 1409 729 1478; x_wconf 80' lang='grc' dir='ltr'><strong><em>καὶτῶν</em></strong></span> <span class='ocrx_word' id='word_1_91' title='bbox 744 1416 877 1477; x_wconf 85' lang='grc' dir='ltr'><strong><em>πολλῶν</em></strong></span> <span class='ocrx_word' id='word_1_92' title='bbox 891 1409 1060 1496; x_wconf 79' lang='grc' dir='ltr'><strong><em>ἀφιέμεθα</em></strong></span> 
     </span>
     <span class='ocr_line' id='line_1_13' title="bbox 39 1517 1060 1603; baseline 0.004 -23"><span class='ocrx_word' id='word_1_93' title='bbox 39 1529 289 1602; x_wconf 80' lang='grc' dir='ltr'><strong><em>πραγματειῶν,</em></strong></span> <span class='ocrx_word' id='word_1_94' title='bbox 308 1517 347 1595; x_wconf 77' lang='grc' dir='ltr'><strong><em>ἃς</em></strong></span> <span class='ocrx_word' id='word_1_95' title='bbox 360 1517 456 1586; x_wconf 77' lang='grc' dir='ltr'><strong><em>ἕνεκα</em></strong></span> <span class='ocrx_word' id='word_1_96' title='bbox 471 1520 592 1602; x_wconf 79' lang='grc' dir='ltr'><strong><em>ταύτης</em></strong></span> <span class='ocrx_word' id='word_1_97' title='bbox 605 1518 832 1603; x_wconf 84' lang='grc' dir='ltr'><strong><em>ῦπομένομεν;</em></strong></span> <span class='ocrx_word' id='word_1_98' title='bbox 855 1521 887 1584; x_wconf 87' lang='grc' dir='ltr'><strong><em>εί</em></strong></span> <span class='ocrx_word' id='word_1_99' title='bbox 900 1520 942 1602; x_wconf 76' lang='grc' dir='ltr'><strong><em>δὴ</em></strong></span> <span class='ocrx_word' id='word_1_100' title='bbox 956 1527 1060 1585; x_wconf 91' lang='grc' dir='ltr'><strong><em>ταῦτα</em></strong></span> 
     </span>
     <span class='ocr_line' id='line_1_14' title="bbox 41 1621 1059 1712; baseline 0.003 -25"><span class='ocrx_word' id='word_1_101' title='bbox 41 1622 174 1701; x_wconf 81' lang='grc' dir='ltr'><strong><em>δόξειεν</em></strong></span> <span class='ocrx_word' id='word_1_102' title='bbox 202 1623 316 1701; x_wconf 74' lang='grc' dir='ltr'><strong><em>αὐτοῖς</em></strong></span> <span class='ocrx_word' id='word_1_103' title='bbox 342 1622 397 1690; x_wconf 83' lang='grc' dir='ltr'><strong><em>καλ</em></strong></span> <span class='ocrx_word' id='word_1_104' title='bbox 425 1621 530 1709; x_wconf 74' lang='grc' dir='ltr'><strong><em>μηδὲν</em></strong></span> <span class='ocrx_word' id='word_1_105' title='bbox 554 1627 602 1689; x_wconf 81' lang='grc' dir='ltr'><strong><em>ἔτι</em></strong></span> <span class='ocrx_word' id='word_1_106' title='bbox 626 1622 716 1712; x_wconf 74' lang='grc' dir='ltr'><strong><em>δρῴη</em></strong></span> <span class='ocrx_word' id='word_1_107' title='bbox 741 1625 778 1689; x_wconf 82' lang='grc' dir='ltr'><strong><em>τὸ</em></strong></span> <span class='ocrx_word' id='word_1_108' title='bbox 802 1621 924 1692; x_wconf 76' lang='grc' dir='ltr'><strong><em>ἑαυτοῦ</em></strong></span> <span class='ocrx_word' id='word_1_109' title='bbox 948 1627 1059 1711; x_wconf 79' lang='grc' dir='ltr'><strong><em>ἔργον,</em></strong></span> 
     </span>
     <span class='ocr_line' id='line_1_15' title="bbox 41 1728 1059 1816; baseline 0.003 -22"><span class='ocrx_word' id='word_1_110' title='bbox 41 1728 117 1794; x_wconf 80' lang='grc' dir='ltr'><strong><em>ἔσθ’</em></strong></span> <span class='ocrx_word' id='word_1_111' title='bbox 137 1730 226 1807; x_wconf 82' lang='grc' dir='ltr'><strong><em>ὅπως</em></strong></span> <span class='ocrx_word' id='word_1_112' title='bbox 244 1728 287 1795; x_wconf 87' lang='grc' dir='ltr'><strong><em>άν</em></strong></span> <span class='ocrx_word' id='word_1_113' title='bbox 305 1728 359 1796; x_wconf 80' lang='grc' dir='ltr'><strong><em>ἐπὶ</em></strong></span> <span class='ocrx_word' id='word_1_114' title='bbox 376 1731 414 1796; x_wconf 83' lang='grc' dir='ltr'><strong><em>τὸ</em></strong></span> <span class='ocrx_word' id='word_1_115' title='bbox 433 1732 520 1797; x_wconf 89' lang='grc' dir='ltr'><strong><em>πολῦ</em></strong></span> <span class='ocrx_word' id='word_1_116' title='bbox 535 1729 707 1816; x_wconf 77' lang='grc' dir='ltr'><strong><em>διαρκέσαι</em></strong></span> <span class='ocrx_word' id='word_1_117' title='bbox 721 1731 887 1814; x_wconf 78' lang='grc' dir='ltr'><strong><em>δυνηθείη</em></strong></span> <span class='ocrx_word' id='word_1_118' title='bbox 901 1732 939 1797; x_wconf 83' lang='grc' dir='ltr'><strong><em>τὸ</em></strong></span> <span class='ocrx_word' id='word_1_119' title='bbox 954 1742 1059 1815; x_wconf 89' lang='grc' dir='ltr'><strong><em>σῶμα,</em></strong></span> 
     </span>
     <span class='ocr_line' id='line_1_16' title="bbox 42 1832 1101 1927; baseline 0.003 -28"><span class='ocrx_word' id='word_1_120' title='bbox 42 1832 117 1900; x_wconf 88' lang='grc' dir='ltr'><strong><em>ἀλλ’</em></strong></span> <span class='ocrx_word' id='word_1_121' title='bbox 147 1837 209 1902; x_wconf 86' lang='grc' dir='ltr'><strong><em>οὐκ</em></strong></span> <span class='ocrx_word' id='word_1_122' title='bbox 239 1835 281 1902; x_wconf 84' lang='grc' dir='ltr'><strong><em>ἀν</em></strong></span> <span class='ocrx_word' id='word_1_123' title='bbox 312 1835 405 1914; x_wconf 90' lang='grc' dir='ltr'><strong><em>ἐντὸς</em></strong></span> <span class='ocrx_word' id='word_1_124' title='bbox 435 1837 557 1920; x_wconf 75' lang='grc' dir='ltr'><strong><em>ὀλίγον</em></strong></span> <span class='ocrx_word' id='word_1_125' title='bbox 587 1837 720 1922; x_wconf 76' lang='grc' dir='ltr'><strong><em>ἡμερῶν</em></strong></span> <span class='ocrx_word' id='word_1_126' title='bbox 747 1845 793 1924; x_wconf 77' lang='grc' dir='ltr'><strong><em>τῷ</em></strong></span> <span class='ocrx_word' id='word_1_127' title='bbox 820 1841 964 1927; x_wconf 80' lang='grc' dir='ltr'><strong><em>κακίστῳ</em></strong></span> <span class='ocrx_word' id='word_1_128' title='bbox 991 1849 1059 1903; x_wconf 92' lang='grc' dir='ltr'><strong><em>τῶν</em></strong></span> <span class='ocrx_word' id='word_1_129' title='bbox 1074 1856 1101 1896; x_wconf 72' lang='lat'><strong><em>1⁵</em></strong></span> 
     </span>
     <span class='ocr_line' id='line_1_17' title="bbox 42 1942 1059 2032; baseline 0.005 -26"><span class='ocrx_word' id='word_1_130' title='bbox 42 1945 159 2027; x_wconf 84' lang='grc' dir='ltr'><strong><em>μόρων</em></strong></span> <span class='ocrx_word' id='word_1_131' title='bbox 179 1942 379 2027; x_wconf 81' lang='grc' dir='ltr'><strong><em>ἀναλωθείη,</em></strong></span> <span class='ocrx_word' id='word_1_132' title='bbox 398 1948 500 2032; x_wconf 72' lang='grc' dir='ltr'><strong><em>λιμῶς</em></strong></span> <span class='ocrx_word' id='word_1_133' title='bbox 525 1943 587 2010; x_wconf 85' lang='grc' dir='ltr'><strong><em>οὐκ</em></strong></span> <span class='ocrx_word' id='word_1_134' title='bbox 606 1943 648 2009; x_wconf 85' lang='grc' dir='ltr'><strong><em>ἀν</em></strong></span> <span class='ocrx_word' id='word_1_135' title='bbox 667 1946 736 2028; x_wconf 81' lang='grc' dir='ltr'><strong><em>ἔχοι</em></strong></span> <span class='ocrx_word' id='word_1_136' title='bbox 755 1946 863 2020; x_wconf 84' lang='grc' dir='ltr'><strong><em>άλλως</em></strong></span> <span class='ocrx_word' id='word_1_137' title='bbox 880 1967 931 2021; x_wconf 92' lang='grc' dir='ltr'><strong><em>τις</em></strong></span> <span class='ocrx_word' id='word_1_138' title='bbox 944 1945 1059 2012; x_wconf 82' lang='grc' dir='ltr'><strong><em>είπείν.</em></strong></span> 
     </span>
     <span class='ocr_line' id='line_1_18' title="bbox 42 2047 1095 2135; baseline 0.002 -23"><span class='ocrx_word' id='word_1_139' title='bbox 42 2049 104 2113; x_wconf 88' lang='grc' dir='ltr'><strong><em>τὸν</em></strong></span> <span class='ocrx_word' id='word_1_140' title='bbox 119 2048 222 2114; x_wconf 88' lang='grc' dir='ltr'><strong><em>αὐτὸν</em></strong></span> <span class='ocrx_word' id='word_1_141' title='bbox 238 2050 279 2133; x_wconf 78' lang='grc' dir='ltr'><strong><em>δὴ</em></strong></span> <span class='ocrx_word' id='word_1_142' title='bbox 293 2051 419 2135; x_wconf 86' lang='grc' dir='ltr'><strong><em>τρόπον</em></strong></span> <span class='ocrx_word' id='word_1_143' title='bbox 433 2049 615 2133; x_wconf 82' lang='grc' dir='ltr'><strong><em>ὑπολάβετε</em></strong></span> <span class='ocrx_word' id='word_1_144' title='bbox 629 2047 685 2115; x_wconf 82' lang='grc' dir='ltr'><strong><em>καὶ</em></strong></span> <span class='ocrx_word' id='word_1_145' title='bbox 698 2048 774 2134; x_wconf 84' lang='grc' dir='ltr'><strong><em>περὶ</em></strong></span> <span class='ocrx_word' id='word_1_146' title='bbox 787 2052 923 2125; x_wconf 85' lang='grc' dir='ltr'><strong><em>πόλεως.</em></strong></span> <span class='ocrx_word' id='word_1_147' title='bbox 951 2051 1058 2115; x_wconf 85' lang='grc' dir='ltr'><strong><em>πολλά</em></strong></span> <span class='ocrx_word' id='word_1_148' title='bbox 1072 2053 1095 2114; x_wconf 89' lang='grc'>4</span> 
     </span>
     <span class='ocr_line' id='line_1_19' title="bbox 42 2151 1059 2240; baseline 0.001 -21"><span class='ocrx_word' id='word_1_149' title='bbox 42 2156 108 2240; x_wconf 85' lang='grc' dir='ltr'><strong><em>γάρ</em></strong></span> <span class='ocrx_word' id='word_1_150' title='bbox 135 2156 177 2239; x_wconf 77' lang='grc' dir='ltr'><strong><em>δὴ</em></strong></span> <span class='ocrx_word' id='word_1_151' title='bbox 200 2156 241 2220; x_wconf 85' lang='grc' dir='ltr'><strong><em>τά</em></strong></span> <span class='ocrx_word' id='word_1_152' title='bbox 264 2161 523 2240; x_wconf 83' lang='grc' dir='ltr'><strong><em>συμπληροῦντα</em></strong></span> <span class='ocrx_word' id='word_1_153' title='bbox 546 2153 602 2220; x_wconf 82' lang='grc' dir='ltr'><strong><em>καὶ</em></strong></span> <span class='ocrx_word' id='word_1_154' title='bbox 623 2157 748 2238; x_wconf 89' lang='grc' dir='ltr'><strong><em>ταύτην</em></strong></span> <span class='ocrx_word' id='word_1_155' title='bbox 772 2157 856 2239; x_wconf 78' lang='grc' dir='ltr'><strong><em>ἔθνη</em></strong></span> <span class='ocrx_word' id='word_1_156' title='bbox 879 2151 935 2219; x_wconf 83' lang='grc' dir='ltr'><strong><em>καλ</em></strong></span> <span class='ocrx_word' id='word_1_157' title='bbox 957 2151 1059 2220; x_wconf 72' lang='grc' dir='ltr'><strong><em>οὐδὲν</em></strong></span> 
     </span>
     <span class='ocr_line' id='line_1_20' title="bbox 44 2256 1057 2349; baseline -0.001 -23"><span class='ocrx_word' id='word_1_158' title='bbox 44 2261 200 2344; x_wconf 79' lang='grc' dir='ltr'><strong><em>ἀλλήλοις</em></strong></span> <span class='ocrx_word' id='word_1_159' title='bbox 233 2260 376 2344; x_wconf 83' lang='grc' dir='ltr'><strong><em>ἐοικότα,</em></strong></span> <span class='ocrx_word' id='word_1_160' title='bbox 410 2256 458 2327; x_wconf 81' lang='grc' dir='ltr'><strong><em>ὧν</em></strong></span> <span class='ocrx_word' id='word_1_161' title='bbox 490 2260 630 2328; x_wconf 79' lang='grc' dir='ltr'><strong><em>ἕκαστον</em></strong></span> <span class='ocrx_word' id='word_1_162' title='bbox 661 2263 751 2327; x_wconf 74' lang='grc' dir='ltr'><strong><em>(θίαν</em></strong></span> <span class='ocrx_word' id='word_1_163' title='bbox 778 2261 854 2326; x_wconf 84' lang='grc' dir='ltr'><strong><em>τινὰ</em></strong></span> <span class='ocrx_word' id='word_1_164' title='bbox 880 2267 926 2348; x_wconf 73' lang='grc' dir='ltr'><strong><em>τῷ</em></strong></span> <span class='ocrx_word' id='word_1_165' title='bbox 954 2269 1057 2349; x_wconf 76' lang='grc' dir='ltr'><strong><em>κοινῷ</em></strong></span> 
     </span>
     <span class='ocr_line' id='line_1_21' title="bbox 43 2365 1102 2456; baseline -0.004 -24"><span class='ocrx_word' id='word_1_166' title='bbox 43 2370 159 2452; x_wconf 93' lang='grc' dir='ltr'><strong><em>χρείαν</em></strong></span> <span class='ocrx_word' id='word_1_167' title='bbox 187 2369 297 2454; x_wconf 77' lang='grc' dir='ltr'><strong><em>ὥσπερ</em></strong></span> <span class='ocrx_word' id='word_1_168' title='bbox 322 2369 362 2433; x_wconf 77' lang='grc' dir='ltr'><strong><em>τά</em></strong></span> <span class='ocrx_word' id='word_1_169' title='bbox 385 2365 466 2451; x_wconf 88' lang='grc' dir='ltr'><strong><em>μέλη</em></strong></span> <span class='ocrx_word' id='word_1_170' title='bbox 489 2375 535 2456; x_wconf 74' lang='grc' dir='ltr'><strong><em>τῷ</em></strong></span> <span class='ocrx_word' id='word_1_171' title='bbox 560 2368 686 2452; x_wconf 83' lang='grc' dir='ltr'><strong><em>σώματι</em></strong></span> <span class='ocrx_word' id='word_1_172' title='bbox 709 2365 894 2454; x_wconf 86' lang='grc' dir='ltr'><strong><em>παρέχεται.</em></strong></span> <span class='ocrx_word' id='word_1_173' title='bbox 940 2367 976 2432; x_wconf 84' lang='grc' dir='ltr'><strong><em>οί</em></strong></span> <span class='ocrx_word' id='word_1_174' title='bbox 996 2365 1058 2452; x_wconf 71' lang='grc' dir='ltr'><strong><em>μὲν</em></strong></span> <span class='ocrx_word' id='word_1_175' title='bbox 1072 2387 1102 2428; x_wconf 75' lang='grc' dir='ltr'><strong><em>νο</em></strong></span> 
     </span>
     <span class='ocr_line' id='line_1_22' title="bbox 43 2469 1060 2559; baseline 0 -21"><span class='ocrx_word' id='word_1_176' title='bbox 43 2475 108 2558; x_wconf 86' lang='grc' dir='ltr'><strong><em>γάρ</em></strong></span> <span class='ocrx_word' id='word_1_177' title='bbox 140 2476 219 2550; x_wconf 87' lang='grc' dir='ltr'><strong><em>τοὺς</em></strong></span> <span class='ocrx_word' id='word_1_178' title='bbox 250 2472 375 2559; x_wconf 85' lang='grc' dir='ltr'><strong><em>ἀγροὺς</em></strong></span> <span class='ocrx_word' id='word_1_179' title='bbox 405 2482 628 2558; x_wconf 86' lang='grc' dir='ltr'><strong><em>γεωργοῦσιν,</em></strong></span> <span class='ocrx_word' id='word_1_180' title='bbox 661 2473 696 2538; x_wconf 76' lang='lat' dir='ltr'><strong><em>oc</em></strong></span> <span class='ocrx_word' id='word_1_181' title='bbox 727 2469 764 2538; x_wconf 73' lang='grc' dir='ltr'><strong><em>δὲ</em></strong></span> <span class='ocrx_word' id='word_1_182' title='bbox 795 2472 956 2557; x_wconf 93' lang='grc' dir='ltr'><strong><em>μάχονται</em></strong></span> <span class='ocrx_word' id='word_1_183' title='bbox 984 2471 1060 2559; x_wconf 81' lang='grc' dir='ltr'><strong><em>περὶ</em></strong></span> 
     </span>
     <span class='ocr_line' id='line_1_23' title="bbox 45 2576 1060 2666; baseline 0.002 -22"><span class='ocrx_word' id='word_1_184' title='bbox 45 2579 156 2644; x_wconf 87' lang='grc' dir='ltr'><strong><em>αὐτῶν</em></strong></span> <span class='ocrx_word' id='word_1_185' title='bbox 179 2580 262 2666; x_wconf 86' lang='grc' dir='ltr'><strong><em>πρὸς</em></strong></span> <span class='ocrx_word' id='word_1_186' title='bbox 283 2582 362 2657; x_wconf 87' lang='grc' dir='ltr'><strong><em>τοὺς</em></strong></span> <span class='ocrx_word' id='word_1_187' title='bbox 384 2582 577 2664; x_wconf 86' lang='grc' dir='ltr'><strong><em>πολεμίους,</em></strong></span> <span class='ocrx_word' id='word_1_188' title='bbox 608 2579 643 2644; x_wconf 84' lang='grc' dir='ltr'><strong><em>οί</em></strong></span> <span class='ocrx_word' id='word_1_189' title='bbox 664 2576 695 2644; x_wconf 81' lang='grc' dir='ltr'><strong><em>θ’</em></strong></span> <span class='ocrx_word' id='word_1_190' title='bbox 718 2577 958 2663; x_wconf 87' lang='grc' dir='ltr'><strong><em>ἐμπορεύονται</em></strong></span> <span class='ocrx_word' id='word_1_191' title='bbox 980 2584 1060 2646; x_wconf 91' lang='grc' dir='ltr'><strong><em>πολ-</em></strong></span> 
     </span>
     <span class='ocr_line' id='line_1_24' title="bbox 45 2681 1059 2773; baseline 0.002 -23"><span class='ocrx_word' id='word_1_192' title='bbox 45 2687 104 2762; x_wconf 86' lang='grc' dir='ltr'><strong><em>λάς</em></strong></span> <span class='ocrx_word' id='word_1_193' title='bbox 132 2687 187 2751; x_wconf 77' lang='grc' dir='ltr'><strong><em>διὰ</em></strong></span> <span class='ocrx_word' id='word_1_194' title='bbox 209 2686 382 2769; x_wconf 92' lang='grc' dir='ltr'><strong><em>θαλάσσης</em></strong></span> <span class='ocrx_word' id='word_1_195' title='bbox 405 2685 582 2770; x_wconf 84' lang='grc' dir='ltr'><strong><em>ὠφελείας,</em></strong></span> <span class='ocrx_word' id='word_1_196' title='bbox 606 2685 641 2750; x_wconf 89' lang='grc' dir='ltr'><strong><em>οί</em></strong></span> <span class='ocrx_word' id='word_1_197' title='bbox 662 2681 699 2749; x_wconf 73' lang='grc' dir='ltr'><strong><em>δὲ</em></strong></span> <span class='ocrx_word' id='word_1_198' title='bbox 722 2686 780 2762; x_wconf 80' lang='grc' dir='ltr'><strong><em>τὰς</em></strong></span> <span class='ocrx_word' id='word_1_199' title='bbox 803 2684 984 2769; x_wconf 89' lang='grc' dir='ltr'><strong><em>ἀναγκαίας</em></strong></span> <span class='ocrx_word' id='word_1_200' title='bbox 1007 2686 1059 2773; x_wconf 85' lang='grc' dir='ltr'><strong><em>ἐρ-</em></strong></span> 
     </span>
     <span class='ocr_line' id='line_1_25' title="bbox 7 2788 1061 2878; baseline 0.009 -30"><span class='ocrx_word' id='word_1_201' title='bbox 7 2792 201 2875; x_wconf 81' lang='grc' dir='ltr'><strong><em>ι39γάζονται</em></strong></span> <span class='ocrx_word' id='word_1_202' title='bbox 231 2791 356 2876; x_wconf 86' lang='grc' dir='ltr'><strong><em>τέχνας.</em></strong></span> <span class='ocrx_word' id='word_1_203' title='bbox 402 2793 433 2856; x_wconf 89' lang='grc' dir='ltr'><strong><em>εί</em></strong></span> <span class='ocrx_word' id='word_1_204' title='bbox 463 2788 500 2856; x_wconf 71' lang='grc' dir='ltr'><strong><em>θλ</em></strong></span> <span class='ocrx_word' id='word_1_205' title='bbox 531 2791 639 2857; x_wconf 89' lang='grc' dir='ltr'><strong><em>πάντα</em></strong></span> <span class='ocrx_word' id='word_1_206' title='bbox 666 2791 706 2854; x_wconf 83' lang='grc' dir='ltr'><strong><em>τά</em></strong></span> <span class='ocrx_word' id='word_1_207' title='bbox 734 2792 818 2874; x_wconf 81' lang='grc' dir='ltr'><strong><em>ἔθνη</em></strong></span> <span class='ocrx_word' id='word_1_208' title='bbox 846 2801 949 2858; x_wconf 91' lang='grc' dir='ltr'><strong><em>ταῦτα</em></strong></span> <span class='ocrx_word' id='word_1_209' title='bbox 976 2794 1061 2878; x_wconf 88' lang='grc' dir='ltr'><strong><em>πρὸς</em></strong></span> 
     </span>
    </p>
   </div>
   <div class='ocr_carea' id='block_1_3' title="bbox 46 3015 1061 3513">
    <p class='ocr_par' dir='ltr' id='par_1_3' title="bbox 46 3015 1061 3513">
     <span class='ocr_line' id='line_1_26' title="bbox 119 3015 1058 3088; baseline 0.002 -15"><span class='ocrx_word' id='word_1_210' title='bbox 119 3025 132 3073; x_wconf 98' lang='grc'>1</span> <span class='ocrx_word' id='word_1_211' title='bbox 152 3018 184 3073; x_wconf 80' lang='grc' dir='ltr'><strong><em>τὸ</em></strong></span> <span class='ocrx_word' id='word_1_212' title='bbox 203 3015 235 3072; x_wconf 75' lang='grc' dir='ltr'><strong><em>θλ</em></strong></span> <span class='ocrx_word' id='word_1_213' title='bbox 255 3016 343 3088; x_wconf 85' lang='grc' dir='ltr'><strong><em>στόμα</em></strong></span> <span class='ocrx_word' id='word_1_214' title='bbox 357 3017 400 3072; x_wconf 77' lang='grc' dir='ltr'><strong><em>ὅτι</em></strong></span> <span class='ocrx_word' id='word_1_215' title='bbox 414 3015 572 3088; x_wconf 81' lang='grc' dir='ltr'><strong><em>φθέγγεται</em></strong></span> <span class='ocrx_word' id='word_1_216' title='bbox 585 3019 615 3071; x_wconf 91' lang='lat' dir='ltr'><strong><em>in</em></strong></span> <span class='ocrx_word' id='word_1_217' title='bbox 628 3018 651 3070; x_wconf 93' lang='lat' dir='ltr'><strong>B</strong></span> <span class='ocrx_word' id='word_1_218' title='bbox 671 3019 784 3073; x_wconf 71' lang='lat' dir='ltr'><strong>exstant</strong></span> <span class='ocrx_word' id='word_1_219' title='bbox 796 3020 862 3088; x_wconf 74' lang='lat' dir='ltr'><strong>poet</strong></span> <span class='ocrx_word' id='word_1_220' title='bbox 876 3019 983 3087; x_wconf 86' lang='grc' dir='ltr'><strong><em>ἀκοῦει,</em></strong></span> <span class='ocrx_word' id='word_1_221' title='bbox 1004 3020 1058 3077; x_wconf 86' lang='lat' dir='ltr'>del.</span> 
     </span>
     <span class='ocr_line' id='line_1_27' title="bbox 46 3087 1059 3170; baseline 0.002 -26"><span class='ocrx_word' id='word_1_222' title='bbox 46 3088 190 3158; x_wconf 81' lang='lat' dir='ltr'>Kiessling</span> <span class='ocrx_word' id='word_1_223' title='bbox 279 3091 505 3170; x_wconf 80' lang='grc' dir='ltr'><strong><em>3ιτεριλαβοῦσα</em></strong></span> <span class='ocrx_word' id='word_1_224' title='bbox 523 3088 576 3142; x_wconf 87' lang='grc' dir='ltr'><strong><em>ΑΒ</em></strong></span> <span class='ocrx_word' id='word_1_225' title='bbox 601 3091 605 3158; x_wconf 89' lang='grc'>1</span> <span class='ocrx_word' id='word_1_226' title='bbox 632 3087 693 3158; x_wconf 80' lang='grc' dir='ltr'><strong><em>ἔσχε</em></strong></span> <span class='ocrx_word' id='word_1_227' title='bbox 712 3089 788 3144; x_wconf 85' lang='lat' dir='ltr'><strong><em>ABb</em></strong></span> <span class='ocrx_word' id='word_1_228' title='bbox 827 3087 906 3160; x_wconf 79' lang='grc' dir='ltr'><strong><em>ἔσχεν</em></strong></span> <span class='ocrx_word' id='word_1_229' title='bbox 924 3090 973 3146; x_wconf 79' lang='lat' dir='ltr'><strong><em>Aa</em></strong></span> <span class='ocrx_word' id='word_1_230' title='bbox 997 3095 1001 3160; x_wconf 89' lang='grc' dir='ltr'>Ι</span> <span class='ocrx_word' id='word_1_231' title='bbox 1027 3092 1059 3146; x_wconf 87' lang='grc' dir='ltr'><strong><em>τὸ</em></strong></span> 
     </span>
     <span class='ocr_line' id='line_1_28' title="bbox 46 3159 1058 3230; baseline 0.003 -16"><span class='ocrx_word' id='word_1_232' title='bbox 46 3169 161 3230; x_wconf 85' lang='grc' dir='ltr'><strong><em>πρᾶγμα</em></strong></span> <span class='ocrx_word' id='word_1_233' title='bbox 184 3160 260 3228; x_wconf 87' lang='lat' dir='ltr'>quod</span> <span class='ocrx_word' id='word_1_234' title='bbox 283 3177 333 3214; x_wconf 81' lang='lat' dir='ltr'><strong><em>suo</em></strong></span> <span class='ocrx_word' id='word_1_235' title='bbox 357 3159 615 3215; x_wconf 78' lang='lat' dir='ltr'>1uredef.Reiske</span> <span class='ocrx_word' id='word_1_236' title='bbox 635 3161 657 3214; x_wconf 90' lang='lat'>0</span> <span class='ocrx_word' id='word_1_237' title='bbox 694 3161 726 3215; x_wconf 86' lang='grc' dir='ltr'><strong><em>τὸ</em></strong></span> <span class='ocrx_word' id='word_1_238' title='bbox 746 3169 824 3230; x_wconf 88' lang='grc' dir='ltr'><strong><em>σῶμα</em></strong></span> <span class='ocrx_word' id='word_1_239' title='bbox 841 3162 889 3215; x_wconf 79' lang='lat' dir='ltr'><strong><em>vel</em></strong></span> <span class='ocrx_word' id='word_1_240' title='bbox 906 3162 938 3216; x_wconf 86' lang='grc' dir='ltr'><strong><em>τὸ</em></strong></span> <span class='ocrx_word' id='word_1_241' title='bbox 957 3171 1016 3217; x_wconf 81' lang='grc' dir='ltr'><strong><em>πᾶν</em></strong></span> <span class='ocrx_word' id='word_1_242' title='bbox 1035 3179 1058 3217; x_wconf 84' lang='grc' dir='ltr'><strong><em>ο.</em></strong></span> 
     </span>
     <span class='ocr_line' id='line_1_29' title="bbox 47 3229 1061 3304; baseline 0.005 -19"><span class='ocrx_word' id='word_1_243' title='bbox 47 3232 169 3300; x_wconf 81' lang='lat' dir='ltr'>Sylburg</span> <span class='ocrx_word' id='word_1_244' title='bbox 241 3238 256 3285; x_wconf 81' lang='lat'><strong><em>‘1</em></strong></span> <span class='ocrx_word' id='word_1_245' title='bbox 280 3250 308 3285; x_wconf 90' lang='grc' dir='ltr'><strong><em>τι</em></strong></span> <span class='ocrx_word' id='word_1_246' title='bbox 331 3233 397 3285; x_wconf 78' lang='lat' dir='ltr'>ante</span> <span class='ocrx_word' id='word_1_247' title='bbox 421 3239 476 3285; x_wconf 87' lang='grc' dir='ltr'><strong><em>τῶν</em></strong></span> <span class='ocrx_word' id='word_1_248' title='bbox 499 3229 606 3285; x_wconf 81' lang='lat' dir='ltr'>inserui</span> <span class='ocrx_word' id='word_1_249' title='bbox 624 3239 680 3285; x_wconf 90' lang='grc' dir='ltr'><strong><em>τῶν</em></strong></span> <span class='ocrx_word' id='word_1_250' title='bbox 698 3252 725 3286; x_wconf 92' lang='grc' dir='ltr'><strong><em>τι</em></strong></span> <span class='ocrx_word' id='word_1_251' title='bbox 744 3248 766 3286; x_wconf 84' lang='lat' dir='ltr'><strong><em>c.</em></strong></span> <span class='ocrx_word' id='word_1_252' title='bbox 785 3231 890 3286; x_wconf 64' lang='lat' dir='ltr'><strong>Reiske</strong></span> <span class='ocrx_word' id='word_1_253' title='bbox 925 3232 1061 3304; x_wconf 88' lang='grc' dir='ltr'><strong><em>πράττειν</em></strong></span> 
     </span>
     <span class='ocr_line' id='line_1_30' title="bbox 47 3300 1060 3371; baseline 0.002 -14"><span class='ocrx_word' id='word_1_254' title='bbox 47 3324 73 3357; x_wconf 87' lang='grc' dir='ltr'><strong><em>τι</em></strong></span> <span class='ocrx_word' id='word_1_255' title='bbox 95 3301 144 3357; x_wconf 78' lang='grc' dir='ltr'><strong><em>καὶ</em></strong></span> <span class='ocrx_word' id='word_1_256' title='bbox 166 3300 256 3356; x_wconf 72' lang='lat' dir='ltr'>Cobet</span> <span class='ocrx_word' id='word_1_257' title='bbox 279 3302 344 3356; x_wconf 84' lang='lat' dir='ltr'>Obs.</span> <span class='ocrx_word' id='word_1_258' title='bbox 368 3320 395 3371; x_wconf 88' lang='lat' dir='ltr'><strong><em>p.</em></strong></span> <span class='ocrx_word' id='word_1_259' title='bbox 417 3308 468 3356; x_wconf 84' lang='lat'><strong><em>130</em></strong></span> <span class='ocrx_word' id='word_1_260' title='bbox 558 3310 574 3358; x_wconf 88' lang='lat'>9</span> <span class='ocrx_word' id='word_1_261' title='bbox 598 3302 838 3371; x_wconf 80' lang='grc' dir='ltr'><strong><em>ἀναγκάζουσαΟ</em></strong></span> <span class='ocrx_word' id='word_1_262' title='bbox 862 3319 931 3359; x_wconf 83' lang='lat' dir='ltr'>corr.</span> <span class='ocrx_word' id='word_1_263' title='bbox 956 3304 1060 3359; x_wconf 79' lang='lat' dir='ltr'><strong>Reiske</strong></span> 
     </span>
     <span class='ocr_line' id='line_1_31' title="bbox 50 3368 1061 3442; baseline 0.003 -14"><span class='ocrx_word' id='word_1_264' title='bbox 50 3379 81 3428; x_wconf 87' lang='lat'><strong><em>14</em></strong></span> <span class='ocrx_word' id='word_1_265' title='bbox 100 3369 147 3429; x_wconf 84' lang='grc' dir='ltr'><strong><em>έπλ</em></strong></span> <span class='ocrx_word' id='word_1_266' title='bbox 166 3368 239 3442; x_wconf 77' lang='grc' dir='ltr'><strong><em>(ἐπεὶ</em></strong></span> <span class='ocrx_word' id='word_1_267' title='bbox 256 3372 312 3442; x_wconf 74' lang='lat' dir='ltr'><strong><em>Ba)</em></strong></span> <span class='ocrx_word' id='word_1_268' title='bbox 331 3372 362 3427; x_wconf 80' lang='grc' dir='ltr'><strong><em>τὸ</em></strong></span> <span class='ocrx_word' id='word_1_269' title='bbox 380 3374 451 3428; x_wconf 79' lang='grc' dir='ltr'><strong><em>πολὺ</em></strong></span> <span class='ocrx_word' id='word_1_270' title='bbox 469 3372 546 3427; x_wconf 76' lang='lat' dir='ltr'><strong><em>ABa</em></strong></span> <span class='ocrx_word' id='word_1_271' title='bbox 582 3369 629 3429; x_wconf 80' lang='grc' dir='ltr'><strong><em>έπλ</em></strong></span> <span class='ocrx_word' id='word_1_272' title='bbox 647 3374 717 3428; x_wconf 86' lang='grc' dir='ltr'><strong><em>πολῦ</em></strong></span> <span class='ocrx_word' id='word_1_273' title='bbox 732 3373 779 3428; x_wconf 89' lang='lat' dir='ltr'><strong><em>Bb</em></strong></span> <span class='ocrx_word' id='word_1_274' title='bbox 836 3380 867 3429; x_wconf 81' lang='lat'><strong><em>19</em></strong></span> <span class='ocrx_word' id='word_1_275' title='bbox 886 3383 942 3429; x_wconf 87' lang='grc' dir='ltr'><strong><em>τῶν</em></strong></span> <span class='ocrx_word' id='word_1_276' title='bbox 956 3384 1061 3432; x_wconf 88' lang='grc' dir='ltr'><strong><em>κοινῶν</em></strong></span> 
     </span>
     <span class='ocr_line' id='line_1_32' title="bbox 48 3441 481 3513; baseline -0.002 -15"><span class='ocrx_word' id='word_1_277' title='bbox 48 3446 70 3498; x_wconf 94' lang='grc' dir='ltr'>Β</span> <span class='ocrx_word' id='word_1_278' title='bbox 143 3449 176 3499; x_wconf 83' lang='grc'><strong><em>19</em></strong></span> <span class='ocrx_word' id='word_1_279' title='bbox 196 3441 275 3512; x_wconf 80' lang='grc' dir='ltr'><strong><em>είθη</em></strong></span> <span class='ocrx_word' id='word_1_280' title='bbox 295 3460 318 3498; x_wconf 88' lang='grc' dir='ltr'><strong><em>ο,</em></strong></span> <span class='ocrx_word' id='word_1_281' title='bbox 337 3441 481 3513; x_wconf 79' lang='lat' dir='ltr'>Kiessling</span> 
     </span>
    </p>
   </div>
   <div class='ocr_carea' id='block_1_4' title="bbox 0 0 1221 3912">
    <p class='ocr_par' dir='ltr' id='par_1_4' title="bbox 0 0 1221 3912">
     <span class='ocr_line' id='line_1_33' title="bbox 0 0 1221 3912; baseline 0 0"><span class='ocrx_word' id='word_1_282' title='bbox 0 0 1221 3912; x_wconf 95' lang='lat' dir='ltr'><strong><em> </em></strong></span> 
     </span>
    </p>
   </div>
  </div>
 </body>
</html>
