2384 3902
449 234 607 286 -G-
970 231 1036 298 299

28 400 166 479 λελῆσθαι
189 396 309 478 θφίῡιν
333 393 378 470 ὡς
400 393 626 478 ἡμαρτηκόσιν
650 395 668 460 ὅ
690 417 723 460 τι
746 396 911 478 βούλοιτο.
958 394 976 460 ὁ
1001 390 1038 460 δὲ
1167 441 1172 450 .

28 502 146 584 τροφάς
177 507 225 587 τῷ
255 499 477 584 στρατεύματι
509 494 587 581 παρ’
614 499 725 565 αὐτῶν
753 501 866 583 λαβὼν
896 501 1039 585 ἐσθῆτάς

29 629 58 670 τε
82 604 135 692 καί
163 608 379 691 τριακοσίους
405 605 544 689 <υίοὺς>
568 608 616 684 είς
639 605 797 692 ὁμηρείαν
822 606 948 674 ἐκτῶν
971 605 1038 672 ἐπι-

29 712 239 796 φανεστάτου
263 717 367 778 οίκων
390 709 622 796 ἐπιλεξάμενος
646 710 763 799 ᾤχετο,
792 714 955 778 λελύσθαι
978 713 1037 777 τὸν

28 822 164 904 πόλεμον
189 801 379 902 ὑπολαβάν.
424 813 468 901 ἦν
491 816 523 884 δ’
549 819 615 904 ἀρα
637 813 727 883 τοῦτ’
754 819 795 884 οὐ
817 821 927 901 λύσις,
958 799 1073 914 ἀνα-ἓ

28 926 101 1009 βολὴ
130 923 171 992 δέ
197 947 248 1002 τις
274 922 330 990 καὶ
358 934 568 1011 παρασκευῆς
596 924 730 1009 ἀφορμὴ
756 935 826 1002 τοῖς
849 931 1037 1010 φθασθεῖσι

27 1040 66 1118 τῷ
91 1029 171 1117 παρ’
199 1030 319 1096 ἐλπίδα
342 1039 400 1114 τῆς
427 1031 572 1122 ἐφόδου,
601 1029 807 1108 ἀπελθόντος
829 1053 865 1096 τε
887 1040 948 1097 τοῦ
970 1042 1038 1097 τῶν

24 1132 185 1222 Ῥωμαίων
205 1137 450 1222 στρατεύματος
470 1136 648 1221 ἐξήπτοντο
664 1137 764 1204 πάλιν
780 1138 815 1204 οί
829 1138 1038 1204 Οὐολοῦσκοι
1142 1151 1145 1158 “

27 1254 78 1310 τοῦ
99 1243 250 1329 πολέμου
272 1243 332 1320 τάς
353 1265 389 1309 τε
412 1247 525 1321 πόλεις
544 1242 759 1329 φραξάμενοι,
783 1241 839 1308 καὶ
858 1249 892 1308 εῖ
905 1267 937 1310 τι
956 1245 1037 1311 ἀλλο

27 1355 139 1436 χορίον
162 1349 356 1434 ἐπιτήδειον
378 1345 422 1433 ἦν
445 1350 631 1435 ἀσφάλειαν
654 1353 752 1435 σφίσι
774 1361 956 1435 παρασχεῖν
980 1351 1036 1415 διά
1052 1371 1077 1410 ιο

28 1463 167 1542 φυλακῆς
184 1459 376 1543 κρείττονος
395 1459 538 1542 ἔχοντες·
562 1459 772 1540 συνήπτοντο
791 1449 826 1521 δ’
847 1455 961 1532 αὐτοῖς
977 1465 1038 1521 τοῦ

28 1566 182 1630 κινδύνου
215 1573 370 1648 φανερῶς
399 1558 461 1648 μὲν
476 1560 628 1648 Ἕρνικες
657 1561 712 1629 καὶ
735 1566 894 1647 Σαβῖνοι,
924 1563 1039 1648 κρύφα

29 1666 59 1734 δέ
79 1671 132 1737 καὶ
155 1673 271 1738 ἀλλων
294 1673 421 1754 συχνοί.
458 1674 601 1735 Λατῖνοι
624 1666 670 1766 δέ.
684 1673 861 1756 πρεσβείας
878 1670 961 1754 πρὸς
980 1669 1039 1734 αὐ-

28 1779 97 1854 τοὺς
119 1776 174 1844 ἐπὶ
199 1779 387 1862 συμμαχίας
406 1781 538 1860 αίτησιν
556 1774 762 1860 ἀφικομένης
781 1777 942 1860 δήσαντες
959 1777 1039 1852 τοὺς

5 1883 144 1967 λῖάνδρας
168 1886 218 1961 είς
237 1880 366 1966 Ῥώμην
389 1885 526 1966 ἤγαγον.
573 1875 623 1960 οἷς
645 1881 666 1965 ἡ
690 1883 795 1966 βουλὴ
819 1892 877 1968 τῆς
899 1862 1079 1976 βεβαίουζέ5

27 1992 156 2068 πίστεως
179 1989 280 2075 χάριν
304 1987 513 2054 ἀποδιδοῦσα
536 1986 592 2053 καὶ
616 1990 664 2052 ἔτι
687 1993 814 2072 μᾶλλον
833 1997 890 2072 τῆς
913 1992 960 2066 είς
979 1991 1038 2055 τὸν

27 2093 129 2176 ἀγῶνα
143 2099 353 2183 προθυμίας·
385 2093 511 2177 ἕτοιμοι
526 2095 591 2179 γάρ
604 2090 690 2177 ἦσαν
705 2093 853 2162 ἑκούσιοι
871 2101 1037 2180 συμπολε-

27 2211 103 2282 μεῖν·
140 2202 159 2268 ὃ
194 2203 336 2286 μάλιστα
364 2197 427 2285 μὲν
449 2201 634 2284 βούλεσθαι
657 2199 779 2278 αὐτοὺς
803 2200 896 2290 ρόετο,
922 2199 966 2266 δι’
990 2202 1039 2266 αί-

27 2309 141 2392 σχύνης
170 2305 203 2376 δ’
231 2312 319 2394 ἐχειν
341 2309 559 2391 αἰτήσασθαι,
592 2302 683 2371 τοῦτ’
710 2307 824 2385 αὐτοῖς
851 2307 1039 2392 ἐχαρίσατο,

27 2416 96 2491 τοὺς
127 2415 165 2481 ἐν
198 2425 269 2491 τοῖς
300 2412 458 2498 πολέμοις
490 2411 632 2490 ἁλόντας
663 2411 774 2478 αὐτῶν
807 2411 1036 2500 ἑξακισχιλίων
1053 2435 1080 2474 νο

28 2519 134 2603 ὀλίγον
158 2519 366 2598 ἀποδέοντας
389 2530 510 2604 προῖκα
535 2518 754 2605 δωρησαμένη
779 2519 835 2586 καὶ
856 2520 901 2597 ὡς
919 2519 961 2586 ἀν
979 2521 1040 2605 μά-

29 2629 112 2691 λιστα
135 2630 266 2712 κόσμον
285 2626 306 2709 ἡ
327 2627 437 2710 δαρεδι
456 2626 668 2710 προσήκοντα
686 2634 726 2710 τῇ
746 2629 923 2714 συγγενείᾳ
942 2627 1039 2710 λάβοι
1128 2695 1131 2701 ,

28 2733 143 2812 πάντας
167 2733 291 2810 αὐτοὺς
314 2732 457 2816 ἐσθῆσιν
480 2730 671 2816 ἀμφιέσασα
694 2732 887 2819 ἐλευθέροις
910 2734 1039 2819 σώμασι

29 2841 234 2923 πρεπούσαις.
280 2848 338 2922 τῆς
367 2834 404 2903 δὲ
432 2842 619 2922 συμμαχίας
645 2834 747 2904 οὐδὲν
771 2839 854 2925 αὑτῇ
878 2842 942 2925 ἔφη
967 2841 1040 2906 δεῖν

29 2952 78 3028 τῆς
91 2949 250 3012 Λατίνων
270 2945 385 3021 ἱκανάς
403 2942 547 3026 λέγουσα
566 2937 652 3008 εἶναι
670 2945 728 3021 τδς
747 2946 869 3022 οἰκείας
882 2942 1038 3032 τῇῬώμη
1053 2965 1079 3007 τε

31 3050 179 3137 δυνάμεις
207 3050 404 3135 ἀμύνασθαι
430 3052 509 3126 τοὺς
537 3048 793 3134 ἀφισταμένους.
839 3049 931 3116 ταῦτ’
958 3051 1040 3118 ἐκεί-

93 3216 108 3263 3
128 3209 184 3264 ἀνδ
203 3228 237 3272 ας
260 3208 438 3277 τριακοσίους
460 3223 483 3260 ο.
503 3204 647 3276 Kiessling
683 3210 861 3278 τριακοσίους
884 3205 962 3271 νλοίις
985 3225 1038 3280 ego

31 3283 44 3329 8
62 3277 89 3332 ολ
108 3230 217 3334 aad&
291 3284 324 3331 13
348 3285 404 3332 τῶν
427 3277 518 3332 άλλαν
536 3276 589 3329 DE
664 3285 697 3334 18
717 3279 906 3350 βουλεύεσθαι
926 3279 949 3334 Ο
967 3296 1038 3335 corr.

32 3348 144 3420 Sylburg
157 3351 166 3423 1
181 3350 268 3405 verba
286 3348 353 3403 inde
372 3349 408 3403 ab
427 3345 497 3422 ᾤετο
516 3363 604 3416 usque
623 3349 720 3412 αὐτοῖς
739 3367 793 3406 om.
811 3350 862 3406 Bc
924 3359 956 3406 19
975 3351 1041 3407 τού-

31 3420 122 3484 τοιςΟ
158 3419 237 3476 τοῦτ’
259 3421 356 3482 αὐτοῖς
375 3419 478 3474 Reiske
569 3423 602 3471 22
627 3415 644 3485 ἢ
665 3421 775 3491 δαρεάν
793 3422 972 3493 προσήκοντα
990 3431 1040 3493 τῆς

32 3495 186 3562 συγγενείας
204 3493 286 3566 λάβοι
304 3491 327 3544 Β
400 3497 435 3545 23
455 3485 604 3566 ἐσθήσεσιν
623 3489 674 3544 BC
768 3519 771 3524 ·
