2394 3912
141 190 207 255 314
570 194 731 244 -5-

138 350 384 439 συστραφέντες
412 353 473 418 τόν
499 375 535 418 τε
562 355 751 438 φερόμενον
778 352 972 439 ἀφῃροῦντο
1000 351 1147 428 καὶτοὺς

139 457 302 545 ὑπηρέτας
325 470 393 525 των
415 459 552 526 ὑπάτων
576 459 616 524 οὐ
639 457 859 544 μεθιεμένους
883 456 979 524 αὐτοὶ
1003 459 1147 534 παίοντες

139 565 333 649 ἀπήλαυνον
340 615 350 649 ,
384 563 439 632 καὶ
472 565 550 631 ούτε
583 563 709 631 ἰππέων
742 566 819 631 οὔτε
850 568 1049 650 πατρικίων,
1082 566 1147 630 ὅσοι

138 674 300 759 παρόντες
328 673 368 737 τά
395 674 556 757 γινόμενα
585 673 728 738 κωλύειν
751 671 882 756 ἠξίουν,
911 671 1088 756 ἀπείχοντο
1109 672 1145 756 μη

111 778 180 844 σού
207 782 333 844 παίειν·
365 775 422 844 καί
445 777 489 844 δι’
513 779 632 862 ὀλίγον
654 787 743 844 πᾶσα
765 778 786 862 ἡ
810 780 906 856 πόλις
929 775 973 862 ἦν
997 778 1146 862 ἀκοσμίας

138 887 266 972 πλήρης
288 883 344 950 καί
365 887 529 971 θορύβου.
575 886 643 970 ἅμα
667 882 704 950 ἀὲ
726 891 766 969 τῇ
790 886 903 950 στάσει
925 893 966 970 τῇ
990 885 1073 950 κατὰ
1093 885 1183 967 τηνιῖῖῖ

138 994 238 1057 πόλιν
256 988 422 1076 αὐξομένη
441 989 497 1056 καὶ
515 991 556 1055 τά
572 1001 641 1056 τῶν
658 993 828 1076 πολεμίων
845 992 929 1078 πρὸς
942 991 1145 1077 καταδρομὴν

138 1100 451 1182 παρασκευαζόμενα
470 1100 568 1182 μείζω
586 1098 648 1181 τὴν
667 1097 820 1163 ἐπίδοσιν
838 1097 1036 1182 έλάμβανεν.
1070 1097 1144 1162 Ούο

138 1203 292 1270 λούσκων
316 1200 353 1270 δέ
375 1204 477 1270 πόλιν
500 1203 684 1269 ἀπόστασιν
707 1203 989 1288 βουλευσαμένων
1011 1201 1068 1269 καί
1087 1215 1143 1268 τῶν

99 1335 125 1374 ιο
138 1309 355 1395 καλουμένων
378 1312 537 1376 Αἰκανῶν
565 1313 724 1398 πρεσβεία
752 1314 813 1393 [τε]
843 1310 907 1376 ἀπὸ
930 1311 1067 1376 πάντων
1087 1321 1143 1374 τῶν

133 1411 305 1501 Ῥωμαίοις
327 1417 485 1501 ὑπηκόων
506 1426 618 1501 παρῆν
641 1416 826 1496 ἀξιούντων
849 1420 946 1502 σφίσι
969 1427 1143 1502 συμμαχεῖν

102 1522 176 1594 4έν
206 1528 310 1612 τρίβφ
344 1533 405 1590 τοῦ
437 1522 587 1608 πολέμου
614 1522 787 1609 κειμένοις.
832 1528 975 1590 Λατῖνοι
1003 1521 1142 1608 μὲνγὰρ

139 1632 287 1714 ἔφασκον
309 1632 480 1708 Αἰκανούς
507 1631 713 1716 ἐμβαλόντας
739 1632 787 1708 εἰς
813 1631 875 1714 τὴν
901 1631 1017 1716 χώραν
1045 1629 1142 1694 αὐτῶν

138 1741 309 1820 λεηλατεῖν
336 1741 415 1816 τοὺς
438 1738 563 1824 ἀγρούς
587 1738 736 1821 [αύτῶν,]
763 1734 818 1802 καί
840 1739 952 1814 πόλεις
975 1737 1067 1812 τινάς
1086 1737 1141 1818 ἤδη

100 1865 126 1906 ιε
141 1842 371 1928 διηρπακέναι·
405 1845 440 1910 οἰ
456 1840 487 1909 θ’
506 1844 542 1910 ἐν
556 1847 829 1931 Κρουστομερείᾳ
846 1841 995 1930 φρουροὶ
1012 1844 1140 1926 πλησίον

139 1941 226 2014 εἶναι
258 1953 430 2034 Σαβίνους
461 1951 706 2036 ἀποφαίνοντες
737 1949 793 2016 καλ
824 1955 930 2035 πολλῇ
962 1947 1141 2037 χρωμένους
1181 2017 1182 2020 ¹

138 2059 313 2144 προθυμίᾳ
344 2059 382 2124 τὸ
416 2059 584 2145 φρούριον
611 2062 783 2141 πολεμεῖν·
822 2058 917 2122 ἀλλοι
945 2055 986 2122 δέ
1012 2080 1043 2120 τι
1070 2057 1139 2120 ἀλλο

139 2165 242 2229 κακὸν
266 2163 529 2247 ἀπαγγέλλοντες
551 2164 734 2248 γεγονὸςῆ
757 2166 985 2248 γενησόμενον
1002 2160 1058 2227 καί
1074 2163 1139 2245 βοή·
1180 2241 1181 2250 2

139 2274 238 2335 θειαν
261 2271 318 2335 ἀιά
340 2269 473 2355 ταχέων
490 2272 711 2355 αἰτησόμενοι.
748 2267 1022 2356 παρεγένοντοά
1045 2266 1093 2334 ἐπὶ
1107 2268 1139 2330 τὸ
1174 2265 1181 2426 η

99 2399 125 2438 ιο
139 2374 318 2462 συνέδριον
344 2375 400 2442 καί
425 2375 502 2462 παρ’
531 2377 756 2443 Οὐολούσκων
783 2376 951 2462 πρέσβεις,
984 2375 1172 2454 ἀξιούντεςῖθ

139 2480 320 2566 ἀπολαβεῖν
351 2484 395 2566 ἣν
427 2482 649 2571 ἀφῃρέθησαν
680 2480 737 2548 ὑπ’
771 2483 882 2548 αὐτῶν
913 2483 1042 2567 χώραν,
1072 2478 1139 2565 πρὶν

139 2586 305 2674 ἀρξασθαι
327 2588 482 2676 πολέμου.

205 2695 339 2762 XXXV.
362 2700 600 2782 Συναχθείσης
624 2693 661 2762 δέ
683 2693 760 2781 περὶ
778 2697 901 2761 τούτου
919 2698 1055 2778 βουλῆς,
1076 2697 1138 2774 κλη-

211 2891 226 2939 2
246 2887 340 2994 αὐτοὶ]
359 2889 447 2944 αἰετοῦ
466 2905 489 2944 ο.
509 2889 674 2943 dubitanter
690 2887 836 2956 Kiessling
897 2893 915 2940 4
933 2894 984 2941 τοῦ
1003 2887 1041 2958 μὴ
1059 2886 1137 2940 παίειν

140 2956 163 3009 Β
219 2965 305 3027 ἵρτο
340 2959 520 3029 κατασκευὴν
530 2960 653 3029 Sylburg
671 2956 827 3014 ἀπόστασιν
840 2956 887 3012 vel
897 2952 1038 3025 ἐπίθεσιν,
1052 2955 1137 3011 Βκὶεἰιι

139 3027 314 3099 κατάπληξιν
334 3031 415 3086 scrib.
432 3047 494 3086 esse
507 3034 612 3098 censet,
630 3029 813 3100 καταδρομὴν
836 3045 889 3099 ego
924 3048 946 3082 π
966 3046 1137 3083 οκατασιενα-

141 3097 244 3168 ζόμενα
262 3117 286 3157 ο.
300 3095 444 3171 ΚὶοεέΙὶιις
521 3100 588 3157 9θὲ
606 3099 739 3156 πύλινΟ
775 3120 806 3156 τε
823 3120 852 3154 π.
871 3098 1019 3169 Kiess'g
1054 3099 1102 3169 γὰρ
1117 3114 1136 3176 η.

140 3168 242 3246 βείελεε
298 3177 331 3225 10
349 3175 416 3240 post
433 3171 563 3227 Αἰκανῶν
581 3172 721 3240 lacunam,
739 3171 770 3225 in
788 3187 844 3241 qua
862 3170 1032 3226 Sabinorum
1049 3171 1137 3224 mentm

140 3238 318 3294 mtereidisse
328 3241 480 3309 videretur,
496 3242 567 3311 sign.
578 3243 724 3312 Kiesuling
738 3247 743 3312 Ι
759 3261 788 3298 τε
798 3241 877 3297 uncis
887 3241 999 3310 inclusi,
1011 3238 1137 3296 sedverba

141 3311 196 3357 τῶν
210 3309 390 3378 καλουμένων
405 3313 435 3365 et
447 3331 476 3366 τε
492 3315 624 3381 corrupta
636 3313 771 3368 videntur
826 3319 859 3367 14
874 3313 969 3368 αύτῶν
984 3312 1040 3368 del.
1052 3309 1137 3366 Reiske

143 3373 375 3456 19,αἰτησόμενοι
396 3380 584 3450 παρεγένοντο
605 3426 611 3438 .
630 3383 819 3454 παρεγένοντο
843 3381 875 3438 δὲ
900 3400 923 3438 ο.
942 3382 1051 3438 Reiske
1113 3385 1138 3434 21

143 3437 181 3490 ὑπ
196 3439 207 3506 ]
225 3443 293 3512 παρ’
314 3447 337 3497 Β
410 3457 443 3503 23
462 3450 512 3504 καί
529 3452 646 3521 κληθεὶς
665 3453 688 3508 Ο
707 3471 777 3509 corr.
797 3453 920 3523 Sylburg
