2384 3902
472 243 635 294 -Ε-
997 243 1062 310 217

50 410 182 485 χωρεῖν·
215 399 271 466 καί
289 395 376 484 ἦσαν
396 397 490 468 οὗτοι
508 410 554 490 τῷ
573 406 695 486 πλήθει
714 405 950 471 πιθανώτατοι.
988 401 1100 485 ἐξω-5

50 507 212 590 θούμενοι
250 509 291 591 δὴ
328 509 412 595 πρὸς
443 520 511 575 τών
544 511 802 595 παραινούντων
833 513 895 595 την
926 514 1064 598 εἰρήνην

51 614 140 696 ἀγειν
174 614 210 679 οί
238 615 300 680 τὸν
326 617 473 700 πόλεμον
501 615 770 703 ἐπισπεύδοντες,
803 619 902 684 τοῦτό
930 643 968 703 γε
995 623 1064 686 πεί-

50 725 150 786 θουσι
172 730 310 808 ποιησαι
333 722 396 806 τὴν
418 721 595 807 ἐκκλησίαν
612 729 838 809 τελευτῶντες,
861 727 1064 811 πρεσβευτάς

49 828 92 903 είς
112 821 245 914 Ῥώμην
275 829 467 895 ἀποστεῖλαι
495 833 573 908 τοὺς
600 830 892 917 παρακαλέσοντας
918 833 985 917 ἅμα
1007 830 1091 898 nala

49 937 361 1019 συμβουλεύσοντας
391 945 432 1023 τῇ
462 940 556 1003 πόλει
585 935 743 1022 δέχεσθαι
774 941 982 1025 Ταρκυνίους
1008 937 1064 1004 καὶ

48 1043 122 1118 τοὺς
143 1043 266 1120 ἀλλους
285 1044 440 1128 φυγάδας
458 1040 507 1109 ἐπ’
526 1043 622 1132 ἀδείᾳ
640 1042 697 1110 καί
715 1045 891 1133 ἀμνηστίᾳ,
915 1042 1064 1131 καὶπερὶ

7 1148 178 1214 υῖῖτούτων
201 1149 299 1235 ὅρκια
316 1151 476 1235 τεμόντας
493 1158 533 1236 τῇ
551 1153 678 1239 πατρίῳ
697 1158 897 1236 κοσμεῖσθαι
915 1153 1064 1239 πολιτείᾳ

48 1252 99 1320 καὶ
129 1264 188 1340 τῆς
214 1257 411 1340 Φιδηναίων
432 1259 560 1334 πόλεως
583 1257 804 1323 ἀπανιστάναι
826 1260 886 1325 τὸν
909 1260 1062 1343 στρατόν,

48 1360 89 1437 ὡς
113 1372 213 1446 σφῶν
235 1386 273 1446 γε
297 1362 360 1448 οὐχ
383 1362 645 1449 ὑπεροψομένων
668 1375 842 1449 συγγενεῖς
864 1362 918 1430 καὶ
942 1367 1063 1449 φίλους
1078 1385 1104 1423 1⁰
1126 1364 1168 1408 ‘s

49 1465 292 1553 ἀφαιρεθέντας
314 1470 377 1552 την
399 1471 557 1556 πατρίδα·
590 1470 649 1536 ἐάν
672 1467 710 1536 δὲ
733 1469 916 1556 μηδέτερον
933 1471 1064 1536 τούτων

49 1573 251 1659 ὑπομείνωσι
273 1576 442 1661 πράττειν,
464 1579 538 1642 τότε
562 1578 808 1659 βουλεύσεσθαι
831 1576 906 1663 περὶ
925 1585 986 1644 τοῦ
1004 1599 1063 1648 πο.-

48 1681 162 1765 λέμου·
187 1681 249 1747 οὐκ
268 1681 471 1765 ἀγνοοῦντες
490 1682 562 1768 μέν,
577 1683 773 1749 ὅτιτούτων
787 1682 966 1769 οὐδέτερον
981 1683 1062 1749 ὑπο·
1078 1687 1099 1750 6

49 1797 184 1871 μενοῦσι
199 1783 365 1876 Ῥωμαῖοι,
383 1791 569 1877 προφάσεις
587 1787 625 1855 δέ
643 1799 701 1875 τῆς
720 1793 843 1876 ἔχθρας
861 1794 1063 1876 βουλόμενοι

20 1947 24 1956 .
49 1898 161 1978 λαβεῖν
184 1895 373 1981 εὐπρεπεῖς,
403 1893 459 1960 καὶ
481 1898 561 1973 τοὺς
584 1895 863 1981 ἐναντιουμένους
886 1901 983 1983 σφίσι
1005 1903 1062 1962 θε-
1078 1915 1104 1956 15

49 2005 196 2086 ρωπείαις
224 2003 262 2068 ἐν
289 2011 334 2091 τςό
363 2001 485 2087 μεταξὺ
511 2006 622 2091 χρόνῳ
646 2001 702 2068 καὶ
724 2005 859 2089 χάρισιν
883 2003 1064 2083 ἐπάξεσθαι

48 2111 243 2193 νομίζοντες.
284 2117 389 2174 ταῦτα
411 2110 641 2195 ψηφισάμενοι
663 2107 719 2175 καί
742 2112 867 2196 χρόνον
891 2110 1063 2197 ὁρίσαντες

49 2215 217 2281 ἐνιαύσιον
230 2210 403 2300 Ῥωμαίοις
416 2212 478 2300 μὲν
492 2219 625 2300 βουλῆς,
646 2214 777 2292 ἑαυτοῖς
791 2212 828 2280 δὲ
842 2225 1062 2302 παρασκευῆς,

47 2319 101 2386 καὶ
123 2322 327 2407 πρεσβευτὰς
345 2321 588 2406 ἀποδείξαντες,
613 2322 672 2400 οὑς
691 2323 876 2408 Ταρκύνιος
894 2322 1060 2406 ἐβούλετο,

49 2426 203 2494 διέλυσαν
225 2429 285 2492 τὸν
309 2429 485 2512 σύλλογον.
895 2487 900 2497 .
1076 2447 1104 2488 2⁰

113 2534 198 2600 LIII.
222 2534 548 2600 Λιασκεδασθέντων
572 2532 609 2601 δέ
631 2545 699 2601 τῶν
718 2538 877 2601 Λατίνων
898 2537 980 2600 κατά
1002 2538 1062 2601 πύ-

49 2647 128 2724 λεις,
160 2642 306 2728 δρῶντες
338 2642 374 2707 οδ
401 2639 477 2727 περὶ
504 2644 679 2726 Μαμίλιόν
710 2665 745 2706 τε
775 2641 831 2708 καὶ
862 2642 1061 2728 Ταρκύνιον,

50 2747 99 2813 ὅτι
123 2758 194 2826 ταῖς
216 2749 381 2825 σπονδαῖς
403 2747 678 2813 ἀναπεπτώκασιν
701 2749 737 2813 οί
756 2751 890 2832 πολλοί,
918 2751 977 2826 τάς
1000 2745 1062 2834 μὲν
1184 2793 1185 2798 1

50 2853 245 2941 ὑπερορίους
282 2854 417 2931 ἐλπίδας
454 2855 498 2932 ὡς
535 2853 576 2920 οὐ
612 2856 701 2920 πάνυ
736 2858 872 2939 βεβαίας
904 2855 1061 2940 ἀφίεσαν·

51 2961 265 3046 μεταθέμενοι
297 2958 334 3026 δὲ
361 2963 419 3038 τώς
445 2962 579 3046 γνώμας
605 2963 665 3027 τὸν
692 2962 865 3028 πολιτικὸν
891 2959 947 3026 καὶ
974 2961 1060 3044 ἀφύ-
1073 2980 1101 3020 τε

50 3071 165 3134 λαντον
193 3069 407 3154 ἐμηχανῶντο
435 3069 582 3152 πόλεμον
610 3067 643 3148 ἐξ
671 3069 773 3154 αὐτῆς
797 3067 980 3153 ἀναστῆσαι
1002 3077 1060 3152 τῆς

117 3226 231 3282 6τεο
269 3246 300 3296 γε
322 3225 467 3294 Kiessling
540 3232 572 3279 11
598 3226 660 3296 οάγί
682 3223 899 3297 περιοψομένων
922 3241 946 3279 ο.
971 3222 1060 3280 Cobet

53 3293 112 3352 Oba.
128 3315 155 3366 p.
177 3304 228 3352 102
322 3302 355 3352 16
375 3292 575 3362 ἐπώξεσθοιιλ
604 3298 679 3368 quod
703 3297 758 3352 def.
776 3295 950 3351 Ritschelius
986 3294 1060 3350 ὑπά-

53 3365 186 3430 ξεσθαιΒ
247 3374 280 3423 17
299 3366 490 3439 ψηφιζόμενοι
511 3368 561 3421 ΑΒ
620 3376 654 3425 23
673 3376 737 3424 ταῖσ
755 3369 890 3430 σπονδαῖς
909 3368 962 3421 ΑΒ
998 3374 1062 3432 ταῖς

55 3441 183 3562 οπουὲαῖς
201 3438 292 3493 Cobet
309 3438 414 3492 Variae
432 3440 508 3494 Ιιθοῖ.
528 3457 555 3508 p.
571 3446 624 3494 200
696 3447 731 3494 24
748 3441 900 3509 ὑπερορίας
914 3439 939 3492 A
955 3442 959 3510 Ι
977 3439 1062 3508 ἀφεῖν

54 3523 101 3562 σαν
