2400 3912
110 207 191 272 ’80
575 208 738 258 ..A-

147 367 181 447 ἐξ
214 363 255 434 οὗ
287 368 428 445 Τύλλιος
459 366 666 452 ἐτελεύτησε,
698 368 783 454 πρὸς
815 367 856 434 ὃν
883 367 1080 453 ἐποιήσαντο
1104 370 1150 446 τὰς

112 475 334 560 δόμολογίας.
372 476 475 560 γνοὺς
498 470 536 540 δὲ
558 483 662 540 ταῦτα
684 484 822 560 προεῖπε
841 468 887 540 δι’
904 473 1057 559 ἀγγέλων
1072 475 1149 558 ἥκειν

149 583 196 659 είς
217 583 279 666 την
298 582 335 649 έν
352 584 540 670 Φερεντίνῳ
559 579 743 667 γινομένην
761 581 888 668 ἀγορὰν
905 585 986 660 τοὺς
1005 584 1150 659 εἰωθότας

150 684 231 775 ὑπὲρ
258 697 319 756 τού
348 697 466 754 κοινοῦ
492 699 561 754 τῶν
589 691 747 754 Λατίνων
776 690 1009 776 συνεδρεύειν,
1039 686 1150 774 ἡμέραν

120 797 222 861 ῦτινά
245 795 371 882 ὁρίσας,
394 795 440 872 ὡς
461 792 534 882 περὶ
560 805 684 862 κοινῶν
707 793 763 861 καί
785 797 941 882 μεγάλων
962 797 1151 883 πραγμάτυν

111 902 213 968 4σὺν
237 901 350 978 αὐτοῖς
372 903 646 987 βουλευσόμενος.
684 901 720 966 ολ
739 897 801 986 μέν
825 903 867 987 δὴ
891 910 1064 988 παρῆσαν,
1087 901 1103 968 ὁ
1123 897 1151 967 δέ

151 1008 337 1089 Ταρκύνιος
369 1007 469 1085 αὐτὸς
501 1007 519 1073 ὁ
552 1006 693 1086 καλέσας
720 1008 844 1086 αὐτοὺς
870 1008 1012 1096 ὑστέρει.
1058 1009 1100 1086 ὡς
1124 1005 1152 1074 δὲ

147 1115 252 1190 πολὺς
283 1112 414 1197 ἐγένετο
446 1112 652 1200 καθημένοις
681 1114 700 1180 ό
730 1117 852 1202 χρόνος
878 1113 935 1181 καλ
962 1114 1070 1182 έδόκει
1097 1126 1152 1192 τοῖς

146 1222 299 1285 πλείοσιν
330 1220 427 1306 ὕβρις
454 1215 542 1287 εἶναι
569 1223 607 1287 τὸ
634 1229 784 1306 πρᾶγμα,
817 1220 903 1309 ἀνήρ
929 1245 980 1300 τις
1007 1221 1045 1288 έν
1072 1225 1152 1288 πόλει

107 1343 134 1382 1⁰
147 1321 209 1410 μέν
237 1329 339 1393 οίκῶν
362 1330 526 1413 Κορίλλη,
556 1328 699 1406 δυνατὸς
726 1325 764 1393 δέ
786 1325 843 1394 καί
864 1330 1009 1414 χρήμασι
1032 1327 1089 1394 καὶ
1110 1331 1183 1413 φίλα

148 1438 219 1511 λοις
241 1431 297 1500 καί
319 1436 360 1500 τά
381 1432 523 1519 πολέμια
541 1435 678 1520 ἀλκιμος
694 1437 868 1500 πολιτικόν
885 1457 921 1501 τε
939 1438 1043 1520 λόγον
1060 1437 1152 1501 εἰπεῖν

148 1540 209 1606 ούκ
231 1540 413 1625 ἀδύνατος,
443 1541 575 1627 Τύρνος
593 1536 775 1626 Ἑρδώνιος
798 1543 919 1627 ὄνομα,
947 1546 1107 1631 Μαμιλίῳ
1126 1565 1153 1606 τε

148 1648 311 1734 διάῳορος
339 1647 388 1715 ὢν
415 1648 472 1712 διά
499 1648 560 1731 τὴν
587 1649 671 1735 πρὸς
697 1649 738 1715 τά
765 1651 864 1716 κοινὰ
891 1651 1086 1734 φιλοτιμίαν
1109 1646 1153 1714 καὶ

151 1755 326 1840 Ταρκυνίῳ
342 1755 398 1818 διά
411 1755 471 1820 τὸν
485 1757 660 1839 Μαμίλιον
673 1754 912 1841 ἀπεχθόμενος,
931 1756 983 1822 ὅτι
1001 1757 1154 1840 κηδεστὴν

108 1875 134 1917 15
148 1857 277 1924 ἐκείνου
304 1858 425 1942 ἠξίωσε
452 1863 568 1944 λαβεῖν
596 1859 678 1927 ἀνθ’
701 1859 839 1946 ἑαυτοῦ,
866 1864 995 1947 πολλὴν
1023 1861 1153 1931 έποιείτο

146 1973 207 2029 τοῦ
234 1968 423 2051 Ταρκυνίου
450 1970 655 2054 κατηγορίαν
680 1967 711 2033 τ’
738 1970 822 2035 ἀλλα
846 1967 978 2047 διεξιὼν
1001 1972 1083 2057 ἔργα
1103 1978 1154 2034 τοῦ

147 2071 286 2158 ἀνδρός,
321 2064 371 2150 οἷς
402 2073 569 2139 αύθάδειά
600 2097 651 2152 τις
682 2074 790 2141 ἐδόκει
817 2086 994 2162 προσείναι
1019 2073 1075 2140 καί
1104 2079 1153 2160 βα-

147 2179 262 2264 ρύτης,
286 2177 342 2244 καὶ
367 2180 404 2245 τὸ
429 2181 473 2265 μὴ
496 2190 652 2267 παρείναι
678 2183 762 2266 πρὸς
788 2183 848 2247 τὸν
871 2183 1040 2266 σύλλογον
1062 2182 1154 2248 αὐτὸν

111 2286 206 2351 ὗτὸν
232 2288 412 2368 κεκληκότα
439 2295 507 2351 τῶν
534 2288 645 2353 ἀλλων
670 2286 826 2352 ἀπόντων
853 2290 1039 2372 παρόντων.
1084 2288 1154 2353 ἀπο-

107 2411 133 2450 20
147 2391 355 2477 λογουμένου
379 2391 416 2458 δὲ
438 2402 500 2459 τοῦ
521 2396 697 2478 Μαμιλίου
719 2391 775 2459 καὶ
797 2393 845 2471 είς
868 2393 1051 2477 ἀναγκαίας
1072 2396 1154 2471 τινάς

147 2497 375 2583 ἀναφέροντος
396 2501 504 2578 αίτίας
525 2501 585 2566 τὸν
602 2507 669 2566 τού
681 2502 872 2586 Ταρκυνίου
886 2504 1071 2588 χρονισμὸν
1083 2500 1154 2566 ἀνα-

146 2605 331 2687 βάλλεσθαι
352 2598 381 2667 τ’
403 2604 577 2684 ἀξιοῦντος
594 2609 655 2672 τὸν
673 2607 840 2690 σύλλογον
858 2609 907 2685 είς
925 2609 988 2692 τὴν
1004 2609 1154 2674 ἐπιοῦσαν

146 2707 288 2796 ἡμέραν,
316 2711 511 2790 πεισθέντες
534 2713 570 2778 οί
589 2712 749 2798 πρόεδροι
772 2723 840 2779 τῶν
864 2717 1022 2780 Λατίνων
1045 2713 1154 2796 ἀνεβό-

147 2821 247 2882 λοντο
269 2818 332 2901 τὴν
354 2820 491 2903 βουλην.

107 2939 132 2981 25
213 2923 395 2989 XXXXVI.
430 2928 477 3010 Τῇ
506 2920 537 2990 δ’
564 2923 638 3008 έξῆς
664 2922 771 3012 ἡμέρῳ
798 2935 908 3012 παρῆν
932 2926 950 2992 ὁ
978 2927 1155 3013 Ταρκύνιος

146 3028 201 3096 καὶ
223 3029 451 3115 συναχθέντος
468 3040 529 3097 τοῦ
547 3035 714 3115 συλλόγου
733 3033 833 3119 μικρά
851 3028 889 3098 θ’
905 3028 989 3120 ὑπὲρ
1007 3043 1068 3100 τοῦ
1083 3043 1189 3120 χρο-λό

146 3147 269 3222 νισμοῦ
297 3138 466 3223 προειπὼν
491 3135 575 3225 ὑπὲρ
602 3148 660 3226 τῆς
685 3139 865 3224 ἡγεμονίας
891 3140 997 3219 εὐθὺς
1019 3141 1153 3207 ἐποιεῖτο

220 3263 235 3308 3
255 3256 409 3326 γενομένην
428 3258 450 3312 ο
470 3276 539 3314 εον,
558 3259 696 3314 Βονινινν
764 3267 779 3316 ι
799 3261 851 3316 νιν
869 3263 965 3325 τινας
983 3243 1088 3318 εοεαε
1137 3266 1152 3314 ε

149 3321 164 3374 ὁ
184 3323 308 3444 add.HBd
359 3333 392 3380 10
398 3326 474 3451 {Q
482 3329 615 3452 εόβΕΙΞώ
657 3329 819 3452 ΙλὸΤύρδορ
837 3330 890 3386 hoe
909 3331 1030 3456 alguque
1048 3333 1112 3391 locis
1131 3331 1153 3385 0

150 3405 288 3512 {af-Bu
309 3411 536 3522 mm
552 3418 788 3539 ινλιινια
807 3419 840 3524 α
862 3419 987 3458 ι
1070 3411 1099 3458 ¹³
1119 3423 1155 3456 τα
