2400 3912
558 215 723 264 ,E-

132 372 227 450 σθεὶς
255 373 272 440 ὁ
301 377 458 458 βασιλεὺς
485 374 719 458 συνεχώρησεν
747 371 837 461 αὐτῷ
865 367 1068 458 πορευθέντι
1090 371 1143 446 τάς

96 479 323 568 3παρθένους
355 479 506 565 ἀγαγεῖν,
540 481 586 558 ὡς
621 480 822 564 ὑπισχνεῖτο.
871 475 1055 562 Οὐαλέριος
1087 472 1143 560 μὲν

134 587 175 670 δη
204 588 262 664 τάς
289 588 483 674 παρθένους
510 586 599 666 άξων
622 586 739 675 ᾤχετο·
781 585 968 673 Ταρκύνιος
990 581 1029 649 δὲ
1051 581 1143 649 καὶὸ

131 695 301 778 κηδεστὴς,
327 693 432 760 αὑτοῦ
464 705 531 760 τῶν
564 696 704 762 δικαίων
735 693 952 779 ὑπεριδόντες
982 689 1144 775 πράγματι

104 800 378 885 ὀέπεβοὺλευσαν
411 801 551 888 ἀνοσίῳ,
588 802 690 885 λόχον
721 799 978 884 ὑποπέμψαντες
1010 798 1058 873 είς
1089 797 1146 879 τὴν

133 907 214 973 ὁδὸν
239 905 376 990 ἱππέων,
398 908 456 984 τάς
479 931 513 972 τε
530 906 725 993 παρθένους
743 905 890 991 ἁρπάσαι
908 905 968 980 τάς
985 901 1147 986 ἀγομένας

132 1010 187 1076 καὶ
214 1014 274 1078 τὸν
297 1013 426 1079 ὕπατον
448 1011 605 1090 καὶτοὺς
629 1014 752 1089 ἄλλους
774 1015 853 1088 τοὺς
876 1009 931 1076 ἐπὶ
952 1011 990 1076 τὸ
1015 1012 1148 1094 στρατό-

132 1119 236 1184 πεδον
273 1117 473 1204 ἐρχομένους
509 1123 705 1203 συλλαβεῖν,
743 1119 788 1195 ὡς
819 1116 921 1203 ῥύσια
952 1114 1148 1195 καθέξοντες

133 1220 213 1290 ἀνθ’
235 1220 283 1290 ὧν
312 1228 499 1311 Ταρκύνιον
527 1226 706 1312 ἀφείλοντο
725 1221 880 1310 Ῥωμαῖοι
908 1224 1089 1309 χρημάτων
1113 1225 1149 1288 τά

93 1345 121 1386 10
135 1332 268 1416 σώματα
290 1341 408 1415 ταῦτα,
431 1330 487 1398 καί
509 1341 568 1416 τῆς
590 1334 685 1416 δίκης
707 1333 744 1398 τὸ
767 1329 862 1408 τέλος
885 1329 999 1396 οὐκέτι
1021 1351 1149 1415 περιμε-

97 1437 278 1516 4νοῦντες.
316 1439 378 1504 οὐκ
400 1445 491 1504 είασε
515 1436 545 1503 δ’
568 1439 682 1516 αὐτοῖς
703 1440 788 1504 κατά
810 1445 896 1504 νοῦν
918 1445 1071 1523 χωρῆσαι
1093 1436 1149 1519 τὴν

133 1543 315 1628 ἐπιβουλὴν
337 1546 376 1611 τὸ
401 1546 586 1629 δαιμόνιον.
624 1544 661 1610 ἐν
684 1545 752 1632 ὅσῳ
775 1545 840 1629 γάρ
864 1543 900 1610 ἐκ
918 1552 980 1610 τοῦ
995 1544 1148 1608 Λατίνων

133 1651 275 1734 χάρακος
294 1648 432 1736 ἐξῄεσαν
451 1652 487 1715 οί
502 1650 678 1735 μέλλοντες
696 1661 766 1728 τοϊς
779 1647 1069 1738 παραγενομένοις
1087 1648 1148 1714 ἐπι

133 1754 275 1839 θέσθαι,
306 1758 442 1841 φθάσας
465 1757 483 1824 ὑ
506 1768 574 1823 τῶν
592 1753 762 1842 Ῥωμαίων
784 1757 911 1840 ὕπατος
932 1753 994 1840 ἦγε
1017 1758 1078 1833 τάς
1099 1757 1181 1820 κάειν

93 1880 120 1922 15
135 1882 208 1941 ρας·
234 1861 391 1949 καὶπρὸς
410 1863 524 1940 αὑταῖς
542 1866 607 1948 ἤδη
626 1874 698 1942 ταις
715 1865 837 1940 πύλαις
856 1871 918 1928 τοῦ
939 1867 1148 1949 Ῥυρρηνικοῦ

134 1969 276 2052 χάρακος
295 1969 342 2034 ὢν
360 1969 425 2036 ὑπὸ
443 1981 511 2036 τῶν
530 1969 776 2050 ἐπιδιωξάντων
796 1969 832 2035 ἐκ
850 1979 909 2054 τῆς
925 1968 1042 2055 έτέρας
1057 1986 1148 2053 στρα-

134 2077 304 2153 τοπεδείας
322 2076 616 2160 καταλαμβάνεται.
654 2079 740 2142 ἔνθα
757 2085 815 2160 τῆς
829 2080 1025 2160 συμπλοκῆς
1042 2074 1148 2140 αὐτῶν

134 2182 316 2268 γενομένης
351 2194 463 2268 ταχεῖα
494 2193 565 2259 τοῖς
599 2187 786 2269 Τυρρηνοῖς
818 2188 977 2266 αἴσθησις
1011 2181 1148 2265 ἐγένετο,

134 2285 190 2352 καὶ
216 2292 303 2356 κατὰ,
329 2289 482 2372 σπουδὴν
510 2289 528 2354 δ
556 2298 616 2356 τοὺ
645 2287 806 2374 βασιλέως
828 2289 902 2365 υίὸς
924 2295 1003 2372 ίληυ
1026 2287 1147 2354 ίππέων

93 2413 121 2453 20
136 2393 338 2480 ἐπαγόμενος
357 2397 505 2481 ἐβοήθει,
523 2394 579 2462 καὶ
598 2395 715 2462 ἐκτῶν
729 2399 835 2474 πεζῶν
850 2396 886 2461 ολ
897 2398 1146 2482 προκαθήμενοι

134 2509 195 2566 τοῦ
217 2503 360 2586 χάρακος
382 2501 602 2589 συνέδραμον.
1094 2547 1097 2560 .

202 2607 370 2675 XXXIIII.
403 2603 475 2694 Ἐφ’
499 2601 548 2686 οἷς
571 2608 767 2693 ἀγανακτῶν
791 2608 809 2674 ὁ
832 2611 1008 2694 Πορσίνας
1032 2611 1078 2686 είς
1101 2607 1146 2674 έκ-

135 2717 275 2798 κλησίαν
297 2720 376 2794 τοὺς
402 2718 598 2800 Τυρρηνοὺς
622 2715 795 2782 συνεκάλει
813 2713 869 2780 καὶ
889 2715 1081 2797 διεξελθών,
1104 2715 1147 2790 ὡς

136 2820 383 2907 ἐπιτρεψάντων
406 2823 494 2910 αὐτῷ
521 2825 642 2904 [δίκας]
661 2817 832 2906 Ῥωμαίων
854 2819 1083 2909 δικάσαιπερί
1100 2816 1146 2886 ὧν

93 2950 121 2992 ετ
136 2927 354 2994 ἐνεκαλοῦντο
382 2929 447 2996 ὑπὸ
475 2933 680 3014 Ταρκυνίου,
707 2926 788 3014 πρὶν
813 2927 1066 3012 ἐπιτελεσθῆναι
1087 2928 1146 3010 την

207 3123 372 3177 4δικῶνΒ
463 3122 535 3185 θὼς
554 3121 618 3176 add,
637 3120 660 3172 B
681 3123 686 3177 Ι
706 3119 928 3186 καθέξονταςΑ
1021 3126 1054 3174 10
1070 3137 1146 3186 περι-

136 3201 291 3259 μενοῦντας
308 3193 334 3244 Α
425 3198 458 3246 13
477 3191 719 3262 παραγενομένοις
741 3187 763 3246 ὑ.
784 3191 906 3261 Sylburg
941 3187 1146 3261 παραγομένοις

137 3276 160 3314 ο.
179 3261 324 3347 Κὶεεεδίυς
349 3268 353 3330 Ι
379 3259 562 3353 ἐπιτίθεσθαι
585 3280 608 3318 ο.
632 3261 755 3316 Reudler
773 3261 862 3352 Τίτορ.
887 3261 949 3316 orit.
968 3280 995 3331 p.
1010 3268 1043 3352 ⁴2²
1112 3265 1144 3314 18

139 3331 435 3456 εεαιεααιι
450 3350 477 3456 ι.
490 3333 595 3456 θξξε
608 3403 643 3458 ι.
658 3333 1145 3474 λῑδάλαῖεδεθα.ε

140 3482 168 3531 p.
183 3473 234 3520 268
250 3484 306 3534 oqs.
379 3478 414 3524 24
432 3474 514 3534 δίκας
532 3473 585 3530 del.
605 3472 709 3528 Reiske
