2400 3912
126 193 190 260 196
555 195 719 245 -Ε-

126 358 212 441 δων,
245 355 282 434 ὃς
314 353 436 433 αύτούς
470 356 539 443 ίδίρι
572 355 772 441 θεραπεύων
803 351 856 421 καλ
889 359 1038 440 λιπαρῶν
1065 355 1138 429 τοὺς

126 464 294 540 δυνατοὺς
321 461 354 542 ἐξ
384 461 521 547 ἑκάστης
547 465 675 540 πόλεως
698 460 922 547 ἐξεπολέμωσε
944 469 1039 546 κοινῇ
1062 462 1138 546 πρὸς

124 569 251 647 πάντας
272 568 328 636 καὶ
350 569 581 656 προσηγάγετο
601 569 665 635 δύο
682 572 806 654 πόλεις,
833 571 986 654 Φιδήνην
1002 566 1059 634 καὶ
1077 570 1138 632 Κα-
1193 643 1194 656 χ

126 679 257 762 μερίαν,
276 671 447 762 Ῥωμαίων
466 673 529 763 μὲν
543 675 742 760 ἀποστήσας,
756 675 896 754 ἐκείνοις
910 672 946 742 δὲ
962 685 1138 760 συμμαχεῖν
1192 659 1194 726 λ

103 785 255 860 σπείσας·
288 781 368 850 ἀνθ’
391 778 440 850 ὧν
463 783 567 850 αὐτὸν
586 783 762 869 αἱροῦνται
781 783 967 870 στρατηγὸν
986 781 1138 867 αὐτοκρά-
1193 855 1194 862 χ

123 913 206 975 τορα
243 885 299 954 καὶ
333 890 492 975 δυνάμεις
524 887 761 977 ἐπιτρέπουσιν
792 888 825 969 ἐξ
859 889 988 973 ἀπάσης
1019 891 1139 965 πόλεως
1193 891 1194 922 ³

123 996 367 1081 καταγράφειν,
400 997 445 1074 ὡς
473 996 511 1063 ἐν
537 1005 577 1082 τη
604 994 751 1085 προτέρᾳ
778 997 865 1082 μάχη
893 993 938 1061 δι’
966 995 1139 1062 ἀσθένειαν

91 1103 303 1187 3δυνάμεως
330 1101 386 1169 καλ
414 1112 603 1190 στρατηγοῦ
631 1107 762 1190 μωρίαν
790 1103 980 1189 σφαλέντες.
1027 1103 1063 1170 οί
1088 1099 1139 1187 μλα

125 1209 167 1293 δὴ
191 1208 267 1295 περὶ
289 1207 382 1277 ταῦτ’
408 1205 508 1294 ἦσαν·
542 1212 625 1297 τύχη
649 1209 690 1277 δέ
709 1233 760 1289 τις
782 1210 937 1290 ἐξισῶσαι
959 1209 1139 1295 βουλομένη
1193 1289 1194 1294 ¹

90 1339 116 1380 ιο
125 1325 198 1394 ταῖς
230 1318 371 1402 βλάβαις
402 1328 470 1384 τῶν
493 1314 665 1404 Ῥωμαίων
696 1320 755 1397 τάς
787 1317 950 1404 ὠφελείας
980 1314 1055 1383 ἀντὶ
1083 1327 1140 1382 τῶν

124 1426 377 1490 καταλιπόντων
406 1425 531 1503 αὐτοὺς
561 1423 745 1510 συμμάχων
768 1422 885 1510 ἑτέραν
908 1423 970 1491 οὐκ
991 1421 1139 1508 ηλπισμέ-
1193 1455 1194 1518 3

125 1554 190 1614 νην
222 1529 259 1596 ἐκ
290 1541 358 1596 τῶν
390 1535 561 1616 πολεμίων
593 1532 759 1615 βοήθειαν
788 1529 978 1618 προσέθηκε
1005 1521 1194 1598 τοιάνδειει

127 1635 213 1719 ἀνήρ
236 1659 288 1713 τις
311 1636 347 1702 έκ
369 1647 431 1703 τοῦ
449 1641 612 1722 Σαβίνων
635 1641 759 1716 ἔθνους
780 1640 880 1704 πόλιν
904 1640 1007 1705 οίκῶν
1024 1635 1140 1722 Ῥήγιλ-

127 1747 190 1806 λον
225 1742 365 1826 εύγενης
396 1741 453 1810 καλ
484 1746 629 1830 χρήμασι
662 1745 805 1822 δυνατὸς
840 1748 938 1822 Τῖτος
969 1745 1140 1827 Κλαύδιος,

93 1870 118 1912 15
129 1846 310 1933 αὐτομολεῖ
330 1850 414 1936 πρὸς
437 1850 561 1929 αὐτοὺς
583 1849 782 1935 συγγένειάν
803 1874 839 1916 τε
863 1853 1012 1936 μεγάλην
1031 1850 1141 1935 ἐπαγύ

127 1977 226 2038 μενος
252 1953 308 2021 καλ
338 1959 459 2041 φίλους
485 1955 541 2024 καὶ
573 1959 716 2037 πελάτας
748 1960 894 2044 συχνοὺς
926 1958 1042 2036 αύτοίς
1074 1981 1137 2044 μετ·
1192 1971 1193 2036 ξ

127 2061 334 2140 αναστάντας
344 2061 522 2147 ἐφεστίοις,
534 2064 597 2129 οὐκ
610 2064 767 2143 ἐλάττους
780 2068 1059 2151 πεντακισχιλίων
1071 2067 1141 2141 τοὺς

127 2166 213 2233 ὅπλα
244 2166 362 2254 φέρειν
396 2168 615 2255 δυναμένους.
661 2171 682 2256 η
717 2169 755 2237 δὲ
786 2174 1020 2256 καταλαβοῦσα
1048 2172 1141 2237 αὐτὸν

128 2273 254 2360 ἀνάγκη
279 2274 543 2361 μετενέγκασθαι
566 2278 628 2362 την
652 2283 784 2362 οίκησιν
802 2284 850 2356 εἰς
863 2275 995 2364 Ῥώμην
1013 2279 1140 2362 τοιαύτη

91 2354 256 2482 ἓολέγεται
283 2379 452 2465 γενέσθαι.
495 2383 530 2449 οί
554 2384 817 2462 δυναστεύοντες
839 2383 878 2450 έν
899 2394 971 2463 ταῖς
995 2385 1139 2471 ἐπιφανε-

128 2487 262 2564 στάταις
293 2492 433 2555 πόλεσιν
465 2489 650 2576 ἀλλοτρίως
680 2493 813 2576 ἔχοντες
844 2492 927 2578 πρὸς
954 2493 1016 2558 τὸν
1043 2494 1140 2578 ἀνδρα
1191 2499 1192 2536 ³

127 2601 186 2676 τῆς
209 2595 256 2671 είς
277 2595 318 2659 τά
338 2597 437 2661 κοινά
459 2599 664 2682 φιλοτιμίας,
695 2599 744 2674 είς
767 2599 865 2682 δίκην
889 2597 993 2665 αὐτὸν
1016 2599 1135 2683 ὑπῆγον

128 2700 356 2786 αἰτιασάμενοι
379 2704 578 2790 προδοσίαν,
602 2705 653 2769 ὅτι
676 2705 737 2770 τὸν
758 2705 842 2770 κατὰ
860 2701 1032 2790 Ῥωμαίων
1053 2707 1139 2771 πόλει

127 2831 192 2892 μον
216 2807 369 2896 ἐκφέρειν
392 2811 455 2877 οὐκ
472 2806 515 2894 ἦν
533 2813 719 2897 πρόθυμος,
743 2811 827 2877 ἀλλά
844 2809 901 2878 καλ
919 2811 965 2878 ἐν’
976 2821 1022 2902 τῷ
1040 2819 1134 2900 κοινῷ

92 2934 118 2976 ει
128 2917 231 2999 μόνος
263 2915 417 3000 ἀντέλεγε
448 2928 518 2996 τοῖς
551 2917 681 2996 ἀξιοῦσι
710 2919 769 2996 τὰς
796 2921 944 2997 σπονδάς
972 2921 1136 3002 λελύσθαι,

200 3133 216 3180 2
233 3121 416 3218 έξεπολέμητε
431 3126 523 3197 A(?)B
549 3123 737 3212 ἐξεπολέμωσε
753 3129 875 3211 βγλουτρ
891 3132 896 3199 Ι
910 3130 982 3201 πρὸς
997 3129 1137 3186 delendum

130 3195 177 3248 vel
204 3203 285 3266 κοινῇ
314 3216 424 3259 πάντας
446 3198 516 3268 πρὸς
534 3196 688 3269 Ῥωμαίους
711 3200 860 3254 sonbenda
883 3217 946 3256 esse
970 3205 1063 3257 censet
1081 3199 1139 3268 Syl-

132 3313 206 3394 bqu
278 3279 439 3387 3Φλδηνης
463 3322 550 3388 atque
575 3321 616 3376 sic
640 3324 790 3392 semperB
870 3330 904 3378 22
923 3325 1094 3395 ἀφιλοιιμίας
1118 3343 1138 3381 ι,

135 3379 238 3435 Βοιελςο
275 3390 435 3457 φιλοτιμίας
460 3386 545 3443 ἕνεκα
568 3407 590 3446 ο.
615 3391 737 3462 Sylburg
761 3397 765 3462 Ι
791 3394 944 3464 ἀπηγονΟ
970 3413 1039 3451 corr.
1062 3395 1142 3454 Cobet
1189 3433 1190 3462 η

138 3447 203 3502 Obs.
222 3468 249 3517 p.
270 3459 321 3508 100
393 3464 427 3510 24
447 3461 634 3532 συνεκφέρειν
654 3479 677 3517 ο.
696 3464 800 3519 Reisko
819 3465 854 3519 ef.
875 3483 901 3535 p.
917 3472 961 3534 80,
978 3474 1011 3524 13
