2400 3912
124 181 187 247 136
552 184 715 234 -A-

121 345 274 411 ἐλαύνων
300 346 380 422 τοὺς
407 343 529 421 ’ίππους
556 342 620 408 ἀπὸ
648 342 805 430 ῥυτῆρος,
834 343 880 420 ὡς
907 343 1052 427 φθάσων
1081 343 1140 425 τὴν

121 451 313 518 ἀπόστασιν.
353 451 462 537 εὑρὼν
486 447 523 516 δέ
545 448 778 535 κεκλεισμένας
800 451 859 526 τὰς
881 451 986 526 πύλας
1008 447 1065 514 καὶ
1087 473 1138 534 με·

122 559 202 636 στὰς
227 559 340 624 δπλωυ
363 558 422 636 τὰς
445 556 594 636 ἐπάλξεις
616 555 719 645 ᾤχετο
743 557 844 622 πάλιν
867 553 920 622 ἐπὶ
941 557 979 621 τὸ
1002 559 1138 642 στρατό-

86 665 226 731 2πεδον
250 665 295 741 ὡς
317 658 384 750 εἶχε
406 664 528 749 τάχους
546 664 697 749 οἰμώζων
715 661 770 730 καὶ
790 665 1010 730 δεινοπαθῶν.
1045 665 1138 746 ἔτυχε

97 769 159 838 5δέ
181 768 238 837 καί
259 769 355 836 τάκελ
369 772 546 857 πράγματα
563 771 627 854 ἤδη
648 768 890 857 διεφθαρμένα.
922 771 958 835 οί
973 771 1037 855 γὰρ
1057 769 1138 834 ὕπα-

117 902 171 944 τοι
193 887 328 963 ταχείαν
351 877 455 943 αὐτοῦ
478 877 540 961 τὴν
562 880 751 963 παρουσίαν
774 874 828 942 ἐπὶ
850 877 912 961 τὴν
934 879 1033 942 πόλιν
1058 897 1136 960 προ-

119 985 284 1070 ορώμενοι
306 980 472 1068 πέμπουσι
494 983 668 1070 γράμματα
691 981 770 1050 καθ’
793 982 906 1070 ἑτέρας
929 983 1030 1061 ὁδοὺς
1054 983 1136 1069 πρὸς

118 1092 198 1166 τοὺς
221 1086 274 1155 ἐπὶ
291 1099 352 1155 τοῦ
375 1089 602 1177 στρατοπέδου
624 1097 895 1178 παρακαλοῦντες
914 1090 1035 1166 αὐτοὺς
1056 1089 1134 1154 άπο-

119 1205 239 1280 στῆναι
269 1205 329 1262 τοῦ
360 1197 532 1284 τυράννου
558 1195 615 1262 καὶ
642 1199 682 1263 τά
710 1197 853 1277 δόξαντα
880 1208 951 1275 τοῖς
978 1197 1015 1262 έν
1043 1197 1134 1262 άστει

84 1279 110 1406 ᾗ
119 1311 295 1381 ποιοῦντες
326 1304 465 1391 φανερά.
505 1312 610 1370 ταῦτα
640 1305 682 1369 τδ
713 1305 888 1390 γράμματα
918 1306 1080 1388 λαβόντες
1107 1303 1137 1367 οί

119 1409 398 1495 καταλειφθέντες
425 1410 491 1478 ὑπὸ
513 1420 575 1476 τοῦ
597 1409 760 1495 βασιλέως
782 1411 924 1498 ύπαρχοι
951 1415 1050 1486 Τῖτος
1069 1405 1137 1494 Ἑρ-

120 1521 231 1602 μίνιος
259 1514 316 1582 καί
342 1517 483 1603 Μάρκος
504 1514 653 1604 Ὁράτιος
680 1516 876 1601 ἀνέγνωσαν
903 1516 940 1583 ἐν
969 1517 1137 1603 ἐκκλησίᾳ·

120 1622 176 1690 καὶ
195 1625 330 1708 γνώμας
344 1625 605 1711 διερωτήσαντες
617 1626 701 1690 κατὰ
714 1627 844 1709 λόχους,
865 1624 883 1690 ὅ
896 1647 929 1688 τι
942 1625 1005 1709 χρὴ
1018 1634 1178 1706 ποιεῖν,ει

122 1729 235 1813 ἐπειδὴ
263 1739 366 1795 πᾶσιν
394 1729 501 1814 ἐφάνη
527 1731 627 1816 κύρια
650 1730 807 1814 ἡγεῖσθαι
829 1731 870 1795 τά
891 1729 1055 1817 κριθέντα
1077 1731 1137 1796 ὑπὸ

86 1861 112 1903 15
121 1847 179 1922 τῆς
206 1840 348 1921 πόλεως,
380 1835 490 1902 οὐκέτι
517 1837 760 1924 προσδέχονται
781 1836 1060 1924 παραγενηθέντα
1082 1839 1138 1902 τὸν

85 1946 323 2030 4Ταρκύνιον.
370 1943 539 2021 ἀπωσθεὶς
567 1946 608 2029 δὴ
635 1943 689 2010 καί
718 1945 840 2029 ταύτης
863 1944 881 2010 ὁ
904 1947 1064 2030 βασιλεὺς
1085 1953 1139 2027 τῆς

123 2051 257 2130 ἐλπίδος
278 2052 398 2136 φεύγει
421 2053 486 2117 σὺν
509 2051 635 2136 ὀλίγοις
659 2053 706 2129 είς
730 2055 864 2136 Γαβίων
886 2054 996 2134 πόλιν,
1019 2046 1061 2135 ἦς
1081 2054 1138 2135 βα-

122 2157 216 2224 σιλέα
238 2161 299 2224 τὸν
321 2159 548 2244 πρεσβύτερον
572 2157 720 2238 ἀπέδειξε
743 2168 810 2224 τῶν
830 2159 916 2223 υίῶν
934 2157 1071 2241 Σέξτον,
1095 2158 1138 2234 ὡς

123 2262 178 2330 καὶ
205 2269 369 2353 πρότερον
394 2268 494 2349 ἔφην·
531 2265 663 2349 ἡλιαίαν
687 2262 749 2350 μὲν
772 2266 836 2349 ἤδη
860 2267 976 2342 πολιὸς
999 2266 1057 2348 ὤν,
1080 2266 1137 2346 έτη

85 2369 160 2436 εοδὲ
187 2372 285 2438 πέντε
312 2369 368 2436 καὶ
396 2377 500 2437 εἴκοσι
527 2372 589 2455 τὴν
616 2375 789 2456 βασιλείαν
816 2372 1000 2457 κατασχών.
1045 2371 1079 2436 οί
1101 2369 1137 2436 δὲ

122 2475 199 2564 περὶ
230 2479 290 2544 τὸν
313 2473 484 2564 Ἑρμίνιόν
516 2501 551 2543 τε
583 2475 640 2544 καὶ
665 2479 726 2544 τὸν
749 2472 901 2564 Ὁράτιον
918 2477 1050 2563 οἰνοχὰς
1075 2485 1138 2541 τοῦ

122 2582 271 2667 πολέμου
300 2585 584 2671 καταστησάμενοι
611 2587 695 2672 πρὸς
719 2587 799 2662 τοὺς
822 2583 1000 2670 Ἀρδεάτας
1025 2605 1136 2649 πεντε-

123 2690 344 2768 καιδεκαετεῖς
363 2691 536 2777 ἀπήγαγον
560 2687 611 2758 έπ’
632 2697 727 2758 οίκου
744 2693 803 2768 τὰς
822 2692 989 2777 δυνάμεις.
1023 2690 1054 2774 [ἡ
1073 2688 1136 2774 μὲν

124 2798 166 2882 δὴ
199 2799 352 2882 βασιλικὴ
385 2802 533 2865 πολιτεία
566 2801 763 2883 διαμείνασα
790 2799 871 2883 μετὰ
897 2799 958 2864 τὸν
986 2799 1136 2882 οίιιισμὸν

194 3031 211 3081 8
229 3033 279 3081 τού
298 3026 363 3081 add.
382 3027 432 3082 BC
496 3033 512 3081 9
530 3035 580 3081 τοῦ
599 3025 740 3096 τυράννου
758 3042 829 3080 corr.
848 3041 883 3080 ex
900 3027 965 3088 τοὺς
983 3023 1136 3095 τυράννους

122 3098 169 3152 Ba
204 3105 254 3152 τοῦ
277 3097 418 3168 τυράννου
436 3097 512 3151 Assb
573 3105 605 3151 11
626 3095 760 3170 βασιλέως
781 3097 835 3150 ΑΒ
871 3096 1012 3167 τυράννου
1029 3097 1135 3165 Rpost

121 3167 198 3220 hanc
219 3183 317 3222 vocem
339 3169 370 3222 in
388 3167 437 3221 OD
473 3168 607 3236 leguntur
628 3169 717 3222 verba
739 3167 779 3231 είς
801 3169 833 3222 τὸ
856 3167 1043 3238 στρατόπεδον
1059 3185 1134 3234 quae

125 3239 191 3302 posb
207 3237 367 3305 Ταρκύνιον
380 3256 406 3292 v.
418 3244 450 3291 16
470 3239 635 3293 collocanda
653 3255 715 3292 esse
729 3241 826 3292 censet
840 3239 965 3294 Sintenis
979 3239 1037 3292 Em.
1050 3237 1133 3294 Dion.

126 3303 183 3356 118
203 3306 209 3370 l
228 3303 349 3375 ὕπαρχοι
368 3307 433 3360 add.
451 3306 474 3359 Β
512 3305 629 3378 ἔπαρχοι
648 3325 671 3364 c.
689 3308 833 3378 Kiessling
906 3316 940 3364 22
960 3309 1136 3383 (τοιαυτῃ)-

129 3369 683 3517 άαααααιαααελε
701 3379 893 3518 ιαιααύ
908 3378 1075 3504 ιὲιαά
1096 3379 1135 3432 *¹
