2384 3902
129 183 195 249 214
556 213 591 224 -
627 185 656 236 υ.

195 346 247 412 LI.
280 348 377 412 Μετὰ
403 355 524 412 τοῦτον
544 339 715 431 Ἀρικηνοι
740 367 775 410 τε
803 345 906 427 λόγον
932 342 1132 427 αίτησάμενοι

129 455 338 537 κατηγόρουν
361 463 430 519 τῶν
447 448 634 538 Ῥωμαίων,
657 451 708 517 ότι
732 452 790 517 τὸν
818 451 1029 536 Τυρρηνικὸν
1050 452 1133 514 πόλι·

129 584 194 645 μου
227 559 395 644 ἐπήγαγον
426 562 544 645 σφίσιν
574 560 668 636 ὄντες
695 569 869 642 συγγενεῖς
896 555 952 622 καὶ
978 554 1132 643 παρέσχον

130 667 211 731 ὅσον
248 659 304 751 ἐφ’
337 665 468 744 ἑαυτοῖς
500 665 628 743 ἁπάσας
658 667 716 742 τάς
747 667 905 730 Λατίνων
936 665 1051 741 πόλεις
1081 663 1131 727 ὑπὸ

104 791 117 831 ⁶
138 777 321 860 Τυρρηνῶν
347 773 409 857 τὴν
436 772 634 856 ἐλευθερίαν
660 771 901 858 ἀφαιρεθῆναι·
933 768 989 836 καὶ
1020 770 1132 856 Ταρκό

127 904 201 957 νιος
237 879 255 945 ὁ
288 882 444 963 βασιλεὺς
475 878 721 964 ἀνανεούμενος
752 880 810 956 τὰς
841 876 1024 963 γενομένας
1056 877 1130 942 αὐτα

129 987 212 1071 πρὸς
234 989 272 1052 τὸ
295 988 412 1052 κοινὸν
434 997 502 1053 τῶν
524 989 655 1053 πόλεων
678 987 853 1070 συνθήκας
874 982 951 1071 περὶ
974 987 1088 1070 φιλίας
1105 1007 1131 1050 τε

128 1090 183 1158 καὶ
202 1096 399 1178 συμμαχίας,
422 1092 519 1177 ἠξίου
537 1095 594 1172 τάς
612 1095 725 1172 πόλεις
739 1092 906 1178 ἐμπεδοῦν
919 1095 1001 1170 τοὺς
1013 1093 1131 1178 ὅρκους,

127 1199 284 1282 κατάγειν
316 1197 346 1264 δ’
375 1199 478 1266 αὐτὸν
511 1199 564 1268 ἐπὶ
595 1202 658 1285 τὴν
691 1200 809 1286 ἀρχήν·
841 1203 1084 1285 Καμαριναίων
1105 1222 1130 1264 τε

92 1323 118 1363 10
131 1304 187 1371 καὶ
213 1307 409 1390 Φιδηναίων
436 1308 599 1392 φυγάδες,
628 1307 664 1372 οί
688 1303 750 1392 μέν
771 1307 834 1390 την
857 1307 985 1372 άλωσιν
1006 1303 1131 1388 καλιὴν

128 1413 243 1497 φυγὴν
274 1422 332 1497 τῆς
363 1414 537 1499 πατρίδος,
571 1412 607 1479 οί
635 1409 673 1478 δὲ
699 1414 759 1479 τὸν
787 1399 1064 1498 ἀνδραποδισμὸν
1089 1409 1130 1477 καὶ

128 1520 190 1604 την
216 1520 434 1604 κατασκαφὴν
461 1519 677 1605 ὀδυρόμενοι,
709 1519 920 1604 παρεκάλουν
949 1519 1072 1596 αὐτοὺς
1095 1521 1131 1595 είς
1175 1537 1176 1586 λ

93 1627 189 1692 2τὸν
211 1628 366 1712 πόλεμον.
402 1632 590 1703 τελευταῖος
613 1622 651 1691 δὲ
673 1625 810 1692 πάντων
834 1625 851 1691 ὁ
875 1628 1066 1711 Ταρκυνίου
1085 1651 1130 1709 κη-

130 1733 248 1816 δεστὴς
270 1736 440 1819 Μαμίλιος
467 1731 623 1818 μέγιστον
651 1731 688 1798 έν
710 1742 781 1810 τοῖς
803 1735 877 1799 τότε
899 1735 1036 1819 χρόνοις
1056 1734 1129 1819 παρά

88 1856 115 1898 15
128 1848 198 1915 τοῖς
227 1840 386 1916 Λατίνοις
418 1839 604 1924 δυνάμενος
635 1838 779 1917 ἀναστάς
811 1841 943 1925 μακράν
974 1841 1057 1904 κατὰ
1083 1849 1128 1924 τῆς

128 1947 255 2022 πόλεως
279 1945 433 2029 διεξῆλθε
457 1946 675 2032 δημηγορίαν.
712 1943 988 2031 ἀπολογουμένου
1007 1943 1045 2012 δὲ
1060 1948 1128 2032 πρὸς

129 2049 258 2116 ἅπαντα
285 2061 346 2118 τοῦ
374 2052 561 2137 Οὐαλερίου
588 2049 644 2117 καὶ
672 2052 855 2130 δοκοῦντος
880 2063 1045 2138 περιελναι
1070 2063 1127 2131 τοῖς

129 2157 285 2242 δικαίοις,
309 2158 440 2242 ἐκείνην
462 2154 524 2243 μὲν
541 2159 604 2243 τὴν
622 2157 750 2245 ἡμέραν
768 2161 816 2237 είς
832 2160 874 2225 τά
890 2163 1161 2246 κατηγορήμαιαοει

129 2262 184 2330 καὶ
216 2266 274 2341 τὰς
306 2263 486 2348 ἀπολογίας
517 2264 748 2344 ἀναλώσαντες
778 2262 879 2332 οὐδὲν
907 2265 1074 2351 ἐπέθηκαν
1096 2276 1125 2352 τῇ
1176 2309 1177 2350 3

89 2390 117 2431 το
130 2374 236 2457 βουλῇ
263 2370 370 2449 τέλος·
402 2379 442 2458 τῇ
471 2369 508 2437 δὲ
535 2374 674 2438 κατόπιν
702 2371 812 2438 οὐκέτι
839 2375 918 2452 τοὺς
941 2375 1126 2461 πρεσβευτάς

128 2487 197 2542 τῶν
214 2473 384 2563 Ῥωμαίων
406 2478 442 2544 οί
461 2480 621 2565 πρόεδροι
643 2481 890 2565 προαγαγόντες
913 2479 967 2546 έπὶ
988 2483 1047 2546 τὸν
1064 2481 1126 2546 σόλ-

129 2588 243 2667 λογον,
266 2583 349 2650 ἀλλά
372 2589 546 2674 Ταρκυνίφ
569 2609 604 2652 τε
627 2583 682 2651 καὶ
701 2588 861 2675 Μαμιλίφ
881 2585 938 2652 καὶ
958 2585 1126 2674 Ἀρικηνοῖς

129 2686 185 2754 καλ
213 2699 282 2768 τοῖς
307 2692 420 2770 ἀλλοις
442 2702 512 2770 τοῖς
534 2690 753 2778 βουλομένοις
775 2701 834 2778 τῆς
855 2695 983 2772 πόλεως
1005 2718 1126 2779 κατηγο-

129 2807 203 2882 ρεῖν
231 2795 412 2876 ἀποδόντες
434 2801 551 2883 λόγον,
580 2799 692 2883 ἐπειδὴ
716 2800 851 2866 πάντων
875 2802 1058 2886 διήκουσαν
1078 2812 1126 2884 ψη-

87 2923 114 2965 εε
128 2905 281 2989 φίζονται
299 2906 461 2972 λελύσθαι
479 2907 538 2983 τὰς
557 2908 704 2984 σπονδάς
721 2906 787 2972 ὑπὸ
798 2902 980 2992 Ῥωμαίων,
1001 2907 1126 2984 καὶτοῖς

128 3009 204 3099 περὶ
230 3011 416 3099 Οὐαλέριον
443 3010 623 3096 πρέσβεσιν
650 3012 827 3099 ἀπόκρισιν
854 3015 999 3098 ἔδωκαν,
1028 3015 1126 3082 ὅτιτὸ

129 3116 288 3201 συγγενὲς
321 3117 457 3186 ἐκείνων
485 3131 555 3197 τοῖς
582 3119 762 3205 ἀδικήμασι
789 3124 977 3187 λελυκότων
1005 3121 1127 3205 βουλεύ-

202 3307 363 3375 Ιάρκεῖνοι
381 3310 431 3363 Ba
502 3310 588 3378 9τδχν
612 3326 665 3364 om.
684 3309 762 3364 ABG
838 3318 869 3367 16
889 3307 1036 3382 ίξῇλθεΑ
1101 3317 1126 3365 θλ

132 3374 343 3458 παραγαγόντες
361 3378 484 3433 Sintenis
503 3379 563 3434 Em.
582 3379 663 3435 Dion.
683 3382 723 3434 ΙΙΙ
744 3389 776 3438 22
836 3390 869 3437 23
889 3383 983 3446 ἀλλοις
1000 3390 1056 3448 τοῖς
1073 3385 1127 3455 βου

135 3443 260 3506 λομενοις
277 3443 325 3497 BG
397 3448 490 3512 ἀλλοις
508 3450 687 3521 βουλομένοις
704 3453 729 3506 R
