2400 3912
144 199 206 292 ιν
570 203 734 252 -Δ-

142 359 204 448 μὲν
233 357 296 428 οὖν
325 363 347 447 ἥ
369 386 404 429 τε
426 363 532 447 βουλὴ
555 363 615 428 τὸν
639 360 816 449 αἱρεθέντα
839 358 895 426 ὑπ’
918 361 1027 427 αὐτῶν
1048 359 1162 427 έδοκί-ιο

143 485 237 554 μασε,
259 467 317 535 καί
338 469 357 536 ὁ
382 471 487 555 δῆμος
509 469 694 554 ἐπεψήφισε
716 468 773 534 καὶ
795 470 835 534 τὰ
857 469 1062 554 μαντεύματα
1079 467 1132 533 έπε-

143 577 290 663 κύρωσε,
312 578 571 673 παρελάμβανενΙ
589 572 688 654 οὗτος
709 577 772 660 την
795 575 913 663 ἀρχήν
951 574 1134 650 ἐλλείποντος

143 681 183 748 δέ
207 707 299 762 τινος
320 687 450 751 τούτων
473 683 588 770 ἕτερον
612 683 799 769 ὠνόμαζον,
827 680 883 748 καὶ
904 684 1033 769 τρίτον,
1058 682 1086 746 εί
1103 681 1134 765 μη

114 793 289 876 οσυμβαίη
317 789 401 876 μηδὲ
428 799 474 880 τῷ
502 790 647 880 δευτέρῳ
669 791 711 856 τά
732 813 767 856 τε
789 785 868 876 παρ’
888 786 1136 876 ἀνθρώπωνκαὶ

108 897 184 962 3τδ
205 898 296 982 παρά
317 908 386 964 τῶν
407 903 500 962 θεῶν
524 897 737 982 ἀνεπίληπτα.
767 896 787 962 ὁ
811 893 848 962 δὲ
867 897 1009 973 Τύλλιος
1031 895 1137 980 ἐπιτρό-

142 1023 209 1068 που
238 1006 414 1086 βασιλικοῦ
441 1011 551 1089 σχῆμα
577 999 649 1070 κατ’
670 1004 773 1091 ἀρχάς
799 1004 927 1088 λαβών,
961 1003 1007 1079 ὡς
1034 1005 1140 1088 είριμαί

142 1132 200 1192 μοι
227 1110 408 1194 πρότερον,
438 1112 549 1176 ἔπειτα
577 1112 847 1196 φιλανθρωπίαις
873 1108 942 1174 τισί
968 1110 1029 1175 τόν
1052 1110 1138 1192 δῆμον

141 1213 398 1300 οἰκειωσάμενος
424 1214 481 1282 ὑπ’
503 1216 634 1283 ἐκείνου
657 1219 813 1302 βασιλεὺς
836 1216 1020 1301 ἀπεδείχθη
1044 1217 1139 1300 μόνου.

102 1338 129 1378 10
143 1320 286 1407 ἐπιεικὴς
309 1318 346 1388 δέ
368 1321 425 1389 καὶ
448 1323 580 1411 μέτριος
603 1323 688 1410 ἀνὴρ
710 1326 891 1409 γενόμενος
913 1325 1014 1388 ἔλυσε
1031 1323 1086 1400 τάς
1101 1319 1140 1386 έιιί
1185 1368 1186 1371 ,

142 1436 187 1516 τῷ
211 1429 256 1514 μὴ
279 1429 387 1495 πάντα
410 1429 492 1514 <τδι>
514 1431 597 1495 κατά
619 1432 699 1506 τοὺς
716 1432 843 1515 νόμους
860 1427 983 1515 πρᾶξαι
1003 1428 1142 1512 διαβολὰς
1185 1428 1186 1431 ’

142 1547 212 1613 τοῖς
240 1538 320 1620 μετδι
342 1533 434 1602 ταῦτ’
461 1539 585 1622 ἔργοις,
606 1534 750 1621 παρέσχε
771 1559 807 1601 τε
829 1541 967 1612 πολλοῖς
991 1535 1141 1618 ὑπόληψιν

142 1642 198 1725 ὡς,
222 1643 254 1706 εί
273 1643 319 1734 μὴ
343 1650 469 1708 θᾶττον
492 1641 658 1728 ἀνῃρέθη,
677 1646 892 1728 μεταστήσων
914 1643 1084 1728 τὸσχῆμα
1099 1647 1142 1723 τῆς

106 1750 310 1824 4πολιτείας
333 1750 380 1825 είς
403 1750 639 1835 δημοκρατίαν.
679 1747 735 1814 καὶ
758 1747 811 1816 ἐπὶ
829 1748 932 1834 ταύτης
956 1749 1096 1833 μάλιστα
1113 1755 1142 1830 τῇ

104 1869 130 1910 ιο
144 1855 234 1941 αίτίηι
266 1851 396 1938 λέγεται
422 1865 489 1920 τῖον
516 1861 697 1942 πατρικίων
725 1856 814 1945 αύτῷ
843 1878 936 1932 τινας
958 1858 1143 1940 συνεπιβοο

143 1963 272 2025 λεῦσαι·
314 1959 501 2039 ἀδυνάτους
531 1957 564 2028 δ’
594 1965 692 2040 ὄντας
721 1957 766 2027 δι’
785 1960 909 2048 ἑτέρου
940 1965 1071 2047 τρόπου
1096 1961 1144 2043 τὴν

143 2064 300 2145 ἐξουσίαν
322 2067 427 2133 αὐτοῦ
444 2073 627 2134 καταλῦσαι
644 2067 700 2134 καί
717 2069 907 2151 Ταρκύνιον
925 2066 978 2134 έπί
998 2070 1041 2134 τὰ
1058 2067 1145 2154 πράγ-

145 2196 231 2258 ματα
244 2176 449 2257 παραλαβεῖν
462 2171 518 2239 καὶ
529 2175 835 2258 συγκατασκευάσαι
844 2175 906 2258 την
915 2174 1024 2260 ἀρχὴν
1034 2175 1145 2260 έκείνφ,

15 2365 18 2370 1
141 2283 292 2346 κακῶσαί
315 2303 351 2345 τε
378 2278 606 2365 βουλομένους
632 2283 670 2346 τὸ
699 2282 880 2365 δημοτικὸν
905 2281 1022 2365 ίσχύος
1045 2282 1086 2347 οῦ
1107 2293 1180 2365 μι-ιιο

102 2405 128 2446 20
142 2396 223 2472 κρῖις
245 2385 486 2472 ἐπειλημμένον
509 2385 546 2453 ἐκ
566 2396 625 2471 τῆς
651 2389 797 2453 Τυλλίου
819 2391 997 2471 πολιτείας,
1020 2385 1078 2454 καί
1099 2389 1148 2470 την

108 2493 235 2559 5ίδίαν
255 2493 403 2576 ἀξίωσιν,
421 2492 464 2576 ἣν
482 2496 646 2580 πρότερον
665 2489 766 2580 εἶχον,
786 2493 975 2578 ἀναλαβεῖν.
1003 2497 1150 2581 θορύβου

144 2594 181 2662 δὲ
208 2596 394 2681 γενομένου
415 2604 543 2666 πολλοῦ
564 2602 647 2666 κατὰ
668 2602 729 2684 τὴν
751 2603 851 2666 πόλιν
875 2600 958 2684 ὅλην
980 2598 1038 2666 καὶ
1062 2602 1149 2685 οἰμω-

142 2712 203 2788 γῆς
235 2702 289 2770 έπὶ
310 2712 356 2794 τῷ
383 2710 529 2772 Τυλλίου
555 2707 692 2796 θανάτῳ
717 2708 830 2784 δείσας
853 2706 872 2772 δ
899 2707 1103 2793 Ταρκύνιος,
1128 2707 1153 2770 εί

143 2812 199 2876 διδι
226 2819 284 2895 τῆς
314 2810 437 2898 ἀγορᾶς
464 2813 624 2900 δνεκρὸς
646 2811 800 2901 φέροιτο,
830 2815 876 2892 ὡς
898 2816 968 2879 ἔστι
986 2809 1152 2899 Ῥωμαίοις

102 2936 127 2978 2⁵
142 2920 238 3002 ἔθος,
268 2921 328 2984 τόν
358 2942 393 2983 τε
423 2921 594 3002 βασίλειον
621 2923 748 3006 κόσμον
775 2922 861 3005 ἔχων
887 2918 944 2984 καί
965 2914 1074 3004 τᾶλλ’,
1098 2920 1152 2985 ὅσα

141 3009 249 3111 νόμος
267 3024 320 3091 έπί
343 3035 465 3109 ταφαῖς
488 3027 717 3112 <βασιλικαῖς>
736 3028 781 3113 μή
799 3051 849 3104 τις
867 3029 915 3104 είς
932 3013 1053 3093 ἑαυτὸν
1072 3027 1153 3112 ὁρμὴ

141 3133 277 3217 γένηται
303 3141 364 3198 τοῦ
390 3133 586 3218 δημοτικοῦ,
613 3132 694 3221 πρὶν
717 3133 737 3218 ἢ
761 3137 903 3217 βεβαίως
925 3134 1153 3221 κρατύνασθαι

214 3261 229 3309 ό
248 3254 327 3326 παρὰ
340 3263 396 3311 τῶν
410 3254 572 3324 ἀνθρώπων
585 3255 689 3310 Reiske
739 3261 772 3309 11
787 3254 881 3311 πάντα
895 3255 930 3310 τδι
944 3255 1019 3311 κατδι
1031 3273 1054 3312 ο.
1064 3254 1153 3309 Kiess·

141 3323 204 3392 ling
258 3333 289 3379 17
310 3325 360 3380 καί
378 3328 444 3380 ante
461 3326 619 3396 Ταρκύνιον
639 3327 694 3382 δελ.
708 3325 852 3396 Kiessling
909 3333 944 3383 26
962 3333 1068 3398 ταφαῖς
1082 3324 1155 3415 μηδ

142 3395 318 3530 ρζαιθφμχρρῃέαλ
338 3395 416 3464 μὴΒ
452 3417 474 3451 τ.
496 3400 651 3468 βασιλικαῖς
669 3397 706 3466 μὴ
726 3413 748 3452 ο.
768 3397 912 3467 Kiessling
928 3400 933 3469 Ι
950 3397 1030 3463 sego
1067 3393 1105 3468 έφ
1132 3412 1147 3449 0

169 3481 179 3514 1
