2394 3912
156 161 222 228 332
583 167 746 216 -ς-

155 324 352 410 πατημένος,
376 325 459 412 ὀργή
483 321 520 390 δὲ
543 330 671 408 μᾶλλον
690 323 710 407 ή
729 328 878 412 λογισμῷ
896 325 938 388 τά
956 323 1146 410 συμφέροντα

154 435 296 517 κρίνων,
334 425 389 497 οἷα
425 431 463 498 ἐν
500 431 626 515 ἀμαθεῖ
656 431 821 514 <πλήθει>
854 433 1030 515 γίγνεσθαι
1060 435 1146 516 φιλεῖ·

155 533 262 604 ἔπειθ’
284 538 336 604 ὅτι
358 539 557 604 συνοίδασιν
580 537 694 615 αὑτοῖς
716 547 824 615 κακῶς
841 535 1108 622 βεβουλευμένοις
1123 538 1147 600 οἱ

154 648 290 732 πλείους
307 642 363 710 καὶ
382 649 536 728 ζητοῦσιν
555 644 790 709 ἀναλύσασθαι
807 644 866 719 τάς
879 641 1039 728 ἁμαρτίας
1051 642 1145 726 εὐσχή-

132 776 259 836 ιμονας
289 751 443 836 ἀφορμὰς
471 751 711 834 λαμβάνοντες·
748 752 789 815 τὰ
817 758 902 833 γοῦν
933 751 1014 835 ἔργα
1043 750 1174 832 δρῶσινιιι

155 859 219 942 ήδη
253 859 525 942 μετεγνωκότων,
557 855 613 922 καί
645 859 677 922 εί
707 858 844 941 λάβοιεν
876 855 995 921 ἐλπίδα
1025 856 1146 940 χρηστήν

154 963 231 1049 περὶ
248 973 311 1029 τοῦ
324 962 504 1048 μέλλοντος
516 965 654 1050 χρόνου,
674 960 909 1047 ψηφισαμένης
923 962 1036 1038 αὐτοῖς
1053 963 1146 1027 ἀδειαν

154 1079 212 1153 τῆς
230 1072 355 1153 βουλῆς
372 1067 428 1134 καί
447 1070 628 1152 διαλλαγάς
645 1067 872 1153 ποιησαμένης
888 1068 1070 1152 εὐπρεπεῖς,
1086 1068 1146 1151 ἀγα-

120 1185 265 1259 3πητόις
292 1177 333 1241 τά
356 1173 501 1261 σφέτερα
524 1173 685 1255 δέξονται.
730 1175 847 1258 ἠξίουν
870 1198 905 1240 τε
927 1184 1031 1240 ταῦτα
1052 1197 1146 1260 παραι-

120 1315 146 1353 10
155 1290 293 1360 νοῦντες
324 1283 369 1367 μὴ
396 1285 529 1368 χείρους
556 1282 662 1368 ὀργήν
689 1277 776 1347 εἶναι
803 1291 871 1346 τῶν
898 1285 1064 1348 κακιόνων
1087 1285 1146 1358 τοὺς

152 1391 354 1475 κρείττονας,
378 1385 455 1472 μηδ’
478 1391 525 1466 είς
548 1387 677 1454 ἐκεῖνον
701 1387 951 1472 ἀναβάλλεσθαι
969 1390 1028 1454 τὸν
1046 1391 1146 1473 χρόνον

153 1497 213 1573 τάς
240 1495 435 1579 διαλλαγάς,
464 1495 519 1560 ὅτε
546 1493 567 1579 ή
594 1504 681 1561 νοῦν
709 1497 797 1580 ἐχειν
820 1495 1102 1578 ἀναγκασθήσεται
1119 1495 1145 1558 τὸ

154 1601 314 1685 ἀνόητον,
337 1599 358 1685 ή
381 1609 427 1689 τῷ
451 1603 576 1685 μείζονι
598 1609 688 1690 κακῷ
711 1602 894 1667 τοῦλαττον
918 1603 1035 1667 ίᾶσθαι
1057 1602 1146 1666 ὅπλων

153 1709 337 1794 παραδόσει
355 1707 412 1774 καί
431 1709 594 1792 σωμάτων
609 1707 769 1793 ἐπιτροπῇ
783 1708 845 1791 τήν
860 1707 1058 1793 ἐλευθερίαν
1070 1707 1145 1791 ἀφαι-

119 1841 146 1882 15
156 1811 258 1899 ρεθέν
287 1814 368 1880 αὐτὸ
396 1810 456 1900 ὑφ’
484 1813 618 1880 ἑαυτοῦ·
655 1822 758 1879 ταῦτα
785 1815 849 1900 γάρ
878 1813 977 1898 ἐγγὺς
1002 1809 1084 1880 εἶναι
1102 1821 1146 1878 τοῦ
1173 1803 1174 1810 ¹

154 1918 337 1986 ἀδυνάτου·
362 1925 502 2007 μετρίως
520 1918 558 1986 δέ
576 1919 808 2006 χρησαμένους
827 1921 994 2006 ἀρχηγοὺς
1007 1931 1072 1986 τῶν
1085 1938 1144 2002 συμ-

153 2030 329 2112 φερόντων
357 2028 595 2112 βουλευμάτων
622 2025 783 2111 γενέσθαι
804 2024 861 2092 καί
882 2025 1066 2113 προτέρους
1086 2025 1144 2092 ἐκεί·
1172 2037 1173 2040 ’

154 2157 224 2198 νων
247 2130 301 2198 ἐπὶ
323 2135 382 2211 τὰς
404 2133 585 2216 διαλλαγάς
607 2143 728 2218 χωρεῖν
752 2131 1040 2218 ἐνθυμουμένους,
1063 2133 1143 2198 ὅτιτὸ

153 2236 214 2322 μὲν
242 2240 357 2324 ἀρχειν
384 2237 439 2305 καὶ
467 2240 695 2325 ἐπιτροπεύειν
717 2249 788 2317 τοῖς
810 2243 997 2326 πατρικίοις
1018 2240 1142 2325 ὑπάρχει,

117 2324 331 2447 ἓοφιλότητος
354 2343 391 2412 δὲ
414 2344 469 2412 καὶ
492 2348 627 2430 εἰρήνης
650 2395 819 2412 .......
843 2358 913 2424 τοῖς
935 2347 1084 2430 ἀγαθοῖς.
1118 2347 1143 2408 ιδ

154 2447 184 2514 δ’
207 2449 332 2535 ἀξίωμα
362 2461 420 2536 τῆς
449 2455 573 2536 βουλῆς
603 2453 665 2518 οὐκ
692 2451 730 2518 ἐν
757 2453 842 2540 τῷδε
865 2453 1009 2537 μάλιστα
1032 2452 1142 2519 ἐλαττύ
1170 2469 1171 2490 ³

153 2565 274 2624 σεσθαι
297 2558 501 2644 ἀπέφαινον,
527 2557 565 2624 ἐν
588 2549 614 2646 ᾧ
639 2559 779 2644 μάλιστα
801 2560 859 2635 τάς
882 2558 1065 2643 ἀναγκαίας
1085 2576 1142 2640 συμ-

152 2669 262 2753 φοράς
279 2667 441 2750 γενναίως
459 2663 621 2750 φέροντες
634 2664 792 2750 ἀσφαλῶς
805 2667 1074 2750 πολιτεύσουσιν,
1090 2657 1140 2730 ἀλλ’

152 2773 189 2839 ἐν
213 2764 239 2860 ᾧ
265 2774 477 2858 δυσοργήτως
499 2781 573 2850 ταῖς
594 2772 708 2858 τύχαις
731 2773 926 2858 ὁμιλοῦντες
944 2770 1141 2858 ἀνατρέψουσι

115 2903 142 2944 ιι
151 2881 189 2946 τὸ
212 2882 338 2946 κοινόν.
375 2879 490 2955 ἀνοίας
513 2876 543 2943 δ’
565 2881 667 2962 ἔργον
690 2874 777 2945 εἶναι
799 2889 857 2963 τῆς
879 2879 1074 2965 εὐπρεπείας
1092 2877 1149 2960 ὀρε·1

223 3067 290 3126 mv
309 3070 459 3140 ἀμαθεῖΟ
498 3065 529 3126 έν
553 3071 667 3140 ἀμαθεῖ
685 3070 756 3144 όχλιρ
774 3071 877 3126 Reiske
915 3067 948 3126 ἐν
971 3073 1082 3142 ἀμαθεῖ
1092 3064 1138 3130 πλή-

151 3146 201 3197 θει
218 3140 364 3209 Kiessling
381 3139 426 3195 Pr.
445 3141 509 3195 Bas.
528 3159 556 3210 p.
573 3147 606 3197 18
661 3143 793 3205 3αύτοῖς
811 3142 835 3197 Ο
854 3158 924 3198 corr.
938 3142 1080 3210 Kiessling
1117 3141 1138 3188 14

152 3212 349 3278 ἀφαιρεθῆναι
371 3218 421 3264 τοῦ
444 3211 491 3264 Ba
562 3217 597 3266 20
620 3211 788 3281 *φιλότητος
810 3209 842 3266 δὲ
865 3213 915 3267 καί
936 3211 1051 3283 εἰρήνης
1066 3211 1136 3279 ἄρχειν

153 3286 211 3340 τοῖς
229 3281 352 3347 ἀγαθοῖς
370 3295 392 3333 ο.
412 3279 516 3334 Βεὶελῑε
552 3281 673 3352 ὑπάρχει
694 3281 842 3354 φιλότητος
859 3302 889 3339 τε
908 3283 959 3338 καί
978 3282 1084 3409 είηήνης
1098 3282 1136 3336 τοῖς

154 3347 277 3412 ἀγαθοῖς
291 3365 323 3427 Ιοι
333 3349 477 3429 Μεοιιμετ
494 3368 522 3418 p.
537 3357 589 3406 266
609 3353 644 3407 ef.
660 3352 782 3408 Schenkl
800 3372 828 3434 ρ,
843 3359 877 3408 3⁷
907 3357 975 3424 post
993 3353 1096 3424 ερήνηε
1109 3348 1137 3399 Ῑθ

157 3427 257 3465 cunam
276 3418 432 3482 s1gmfieav1
503 3427 536 3474 22
556 3421 673 3490 μάλιστα
693 3424 747 3480 del.
765 3423 870 3478 Rmske
