2394 3912
465 216 624 268 ..ς-

41 380 124 464 ὑμᾶς
153 378 275 455 αὐτοὺς
302 375 535 461 ἐπιτρέψαντες
561 386 631 454 τοῖς
653 375 810 444 ἁπάντων
833 378 1056 462 δημοτικωτά-

41 507 108 562 τοις
136 487 276 550 δοκοῦσι
303 482 357 550 καὶ
386 478 492 550 οὖσιν.
538 481 615 548 ὥστ’
638 483 680 549 οὐ
708 484 845 569 διδαχῆς
873 485 954 569 ὑμίν
983 486 1091 550 &so-2

41 589 153 675 μένοις
175 591 227 656 ὅτι
250 591 481 674 βεβαιώσομεν
503 597 548 676 τῷ
574 589 667 677 δήμῳ
685 591 724 654 τὸ
743 589 936 675 ἐλεύθερον,
961 591 1056 677 οίπερ

40 695 93 762 καὶ
116 696 150 776 ἐξ
174 697 278 784 ἀρχῆς
301 697 382 763 αὑτὸ
406 695 591 782 ἐδώκαμεν,
621 697 656 760 ολ
681 699 776 780 λόγοι
799 700 947 780 ἐσονται,
971 696 1057 764 ἀλλὰ

41 807 276 889 παρακλήσεως
308 806 456 889 μετρίας,
489 804 545 868 ίνα
577 803 752 886 πιστεύητε
779 803 873 887 ἡμῖν,
908 803 926 868 ὑ
954 825 985 867 τι
1014 801 1083 869 δυσ

40 911 280 996 ὑποσχώμεθα,
308 909 520 995 ἐμπεδώσειν.
566 908 696 992 ἡλικίας
717 910 792 994 γάρ,
815 909 835 992 ἣ
859 912 897 975 τὸ
920 911 1056 994 φενακί-

42 1020 104 1094 ζειν
122 1018 244 1100 ἥκιστα
263 1016 457 1101 ἐπιδέχεται,
480 1014 534 1082 ἐπὶ
552 1017 590 1080 τὸ
609 1013 737 1080 τέλειον
756 1017 891 1101 ἥκομεν,
914 1013 970 1080 καὶ
989 1014 1056 1094 ἀξι-

42 1123 164 1208 ώσεως,
196 1125 217 1207 ἣ
248 1133 308 1190 τοῦ
336 1123 552 1210 ῥᾳδιουργεῖν
580 1120 754 1206 ἐλάχιστον
782 1120 918 1208 φέρεται
946 1120 1056 1208 μέρος,

41 1229 231 1316 ἀρκούντως
262 1232 396 1316 ἔχομεν,
428 1232 552 1315 χρόνον
578 1251 614 1294 τε
645 1229 706 1312 οὐχ
735 1225 879 1314 ἑτέρωθί
902 1249 969 1294 που
996 1231 1056 1294 τὸν

43 1340 239 1422 λειπόμενον
257 1337 423 1420 βιοτεύειν
442 1333 617 1420 μέλλομεν,
637 1330 710 1400 ἀλλ’
728 1335 765 1400 ἐν
782 1335 864 1419 ὑμῖν
884 1335 988 1418 δίκας,
1008 1330 1056 1401 ὧν
1072 1356 1097 1394 10

43 1440 80 1505 δυ
106 1442 310 1527 ἐξαπατῆσαι
338 1443 504 1527 δοκῶμεν,
528 1439 714 1527 ὑφέξοντες.
759 1449 863 1506 ταῦτα
893 1437 954 1525 μὲν
982 1435 1092 1523 οὑν,3

43 1549 149 1636 ὥσπερ
174 1551 273 1633 έφηυ,
298 1549 343 1626 ὡς
366 1549 408 1614 οὑ
431 1559 567 1635 μακρῶν
591 1549 750 1631 δεόμενος
772 1549 884 1631 λόγων
906 1549 990 1631 πρὸς
1013 1549 1057 1612 εί-

44 1656 153 1738 δότας,
184 1655 281 1722 ἐάσω.
327 1655 345 1720 δ
371 1654 410 1720 δέ
431 1679 488 1740 μοι
512 1656 639 1720 δοκεῖτε
662 1656 829 1730 παθόντες
852 1652 912 1739 ὑφ’
936 1652 1058 1740 ἑτέρων

43 1763 174 1838 εἰκότως
193 1759 248 1827 ἐπὶ
265 1762 401 1826 πάντων
419 1761 630 1843 ὑποπτεύειν,
650 1760 794 1846 δρῶντες
812 1761 881 1825 αἰεί
896 1784 971 1826 τινα
990 1771 1058 1828 τῶν

42 1869 323 1954 παρακαλούντων
351 1868 437 1952 ὑμᾶς
460 1865 515 1934 ἐπὶ
536 1868 615 1943 τοὺς
637 1865 803 1951 πολέμους
824 1867 960 1935 ὑπάτων
983 1868 1058 1933 ὑπι-
1073 1883 1099 1925 15

6 1977 262 2059 ιεεσχνούμενον,
286 1970 334 2041 ὧν
358 1973 400 2040 δν
424 1973 559 2058 δέησθε,
583 1975 672 2059 παρὰ
694 1983 752 2058 τῆς
774 1977 897 2056 βουλῆς
921 1974 1059 2061 διαπρύ-

43 2078 174 2164 ξεσθαι,
202 2077 309 2166 μηδὲν
338 2076 368 2145 δ’
396 2079 449 2146 ἐπὶ
476 2079 569 2158 τέλος
592 2081 718 2162 ίίγοντα
741 2090 808 2144 τῶν
831 2079 1060 2164 ὁμολογηθέν-

43 2206 118 2252 των·
152 2197 254 2252 τοῦτο
283 2188 328 2264 ώς
356 2187 398 2252 οὐ
426 2188 562 2264 δικαίως
590 2184 632 2250 δν
659 2186 877 2251 ὑποπτεύοιτε
905 2183 1061 2273 καὶπερὶ

44 2292 131 2378 ἐμοῦ,
158 2292 259 2360 δυσίν
279 2292 320 2359 διν
338 2295 452 2360 τοῑσδε
471 2293 612 2378 μάλιστα
631 2295 872 2376 πιστωσαίμην,
896 2299 941 2379 τῷ
960 2314 996 2358 τε
1015 2293 1059 2376 μὴ

44 2398 81 2464 ὑν
104 2398 181 2486 ἐμοὶ
203 2401 265 2484 την
287 2401 415 2485 βουλὴν
439 2401 485 2478 είς
507 2408 606 2466 τοῦτο
625 2400 662 2464 τὸ
681 2400 913 2484 λειτούργημα,
938 2395 1060 2484 ἑτέρων
1075 2417 1101 2456 ιο

45 2508 149 2573 ὄντων
183 2510 278 2589 [τῶν]
311 2505 600 2592 ἐπιτηδειοτέρων,
635 2513 681 2593 τῷ
715 2503 971 2591 φιλοδημοτάτῳ
1005 2504 1061 2567 δο-

44 2623 158 2679 κοῦντι
181 2608 267 2680 εἶναι
290 2615 578 2699 καταχρήσασθαι·
616 2609 739 2699 καὶτῷ
764 2612 808 2696 μὴ
833 2609 875 2675 δν
899 2609 1061 2696 αύτοκροί-

45 2741 113 2805 τορι
140 2728 307 2806 κοσμῆσαι
331 2719 430 2804 ἀρχῇ,
460 2717 503 2783 δι’
526 2718 570 2801 ἣν
593 2720 634 2783 τὺ
658 2717 800 2798 δόξαντά
823 2740 880 2801 μοι
902 2717 1061 2804 κράτιστα

46 2822 127 2892 εἶναι
151 2826 208 2892 καί
232 2824 296 2912 δίχ’
320 2827 448 2910 ἐκείνης
472 2825 653 2910 ἐπικυροῦν
678 2827 876 2910 δυνήσομαι.

115 2991 130 3072 λ
150 2981 370 3055 ἐπιστρέψαντες
383 2983 410 3058 ἸΒ
431 2986 459 3064 (ρ
477 2985 559 3064 σερε.)
631 2979 745 3052 θύετ’]
768 2982 805 3044 ὡς
823 2981 846 3034 Β
866 2984 871 3049 Ι
896 2981 963 3051 ἡμῖν
982 2980 1034 3034 ΑΒ
1055 2980 1059 3052 Ι

48 3054 253 3196 ὑῗῗέὲἶῖἔὲιοιι
269 3049 835 3194 ῗὲέῗῗῖέέῗὲῗιέῗειίέλὶῗίίμὺἷα
849 3051 940 3203 δίει
955 3052 1062 3177 ἷιιῖῗιῗ

50 3195 96 3249 Ab
134 3193 181 3252 ἐπὶ
198 3195 348 3252 τέλειονΑ
439 3195 565 3252 9ποιΒ
648 3202 682 3250 14
701 3197 767 3250 ante
787 3190 833 3249 ἐπὶ
852 3200 868 3247 2
887 3193 945 3248 htt.
965 3208 1062 3247 erasae

48 3265 178 3323 videntur
255 3274 288 3323 15
307 3270 457 3338 πολεμίους
476 3267 498 3322 Ο
518 3283 587 3322 corr.
608 3267 730 3336 Sylburg
746 3269 751 3334 Ι
767 3264 992 3334 ὑπισχνούμενον
1011 3261 1063 3334 μὲν

50 3335 135 3393 Cobet
153 3339 219 3395 Obs.
238 3358 265 3410 p.
283 3346 332 3395 119
407 3345 440 3394 16
459 3337 676 3408 διαπράξασθαι
694 3338 719 3391 Α
794 3343 826 3391 18
844 3335 1020 3405 ὑποπτεύητε
1040 3335 1062 3389 Ο

50 3424 114 3464 corr.
133 3410 238 3465 Reiske
311 3417 344 3465 21
363 3418 419 3466 τῶν
439 3409 492 3465 del.
511 3409 613 3480 Pflugk
681 3415 716 3465 24
734 3409 821 3477 *δίχα
840 3406 884 3476 Ol
902 3402 1063 3478 έπικουρεῖν

52 3480 159 3538 Ocorr.
178 3483 280 3536 Portus

102 3580 199 3626 mom.
213 3583 278 3624 Ηεε.
292 3581 324 3624 IL
345 3591 384 3622 το.
398 3581 500 3622 λεοοετ.
