2400 3912
456 286 489 295 -
525 257 549 308 Ε
577 287 616 368 Γ
984 255 1047 320 149

44 415 180 500 ἐγένετο,
207 420 351 495 καθίσας
379 415 431 484 ἐπὶ
454 418 491 482 τὸ
514 421 603 502 βῆμα
626 415 682 483 καί
704 419 762 494 τάς
785 417 959 495 ἐπιστολάς
981 428 1049 483 των

43 521 77 588 ἐν
91 531 129 608 τῆ
146 527 339 612 συνωμοσίᾳ
358 526 648 609 διασκεπτόμενος,
665 523 710 601 ὡς
728 518 804 609 εὗρε
822 525 881 600 τάς
898 523 963 589 ὑπὸ
983 535 1049 590 τῶν

42 630 118 694 υέωυ
133 633 319 716 γραφείσας
338 641 410 708 ταῖς
428 640 612 715 σφραγῖσιν
632 628 790 715 ἑκατέραν
807 633 975 716 γνωρίσας
993 627 1049 695 καὶ

41 738 113 821 μετά
138 738 176 802 τὸ
204 742 303 804 λῦσαι
330 739 371 803 τά
393 748 512 821 σημεῖα
535 747 605 815 τοίς
626 737 876 823 χειρογράφοις,
902 736 1049 821 ἀναγνω-

42 848 155 926 σθῆναι
179 855 314 930 πρῶτον
337 842 509 910 ἐκέλευσεν
532 842 720 930 ἀμφοτέρας
737 843 803 909 ὑπὸ
821 853 882 909 τοῦ
899 861 1075 931 γραμμα-ει

42 948 113 1026 τέως
139 951 188 1027 είς
216 951 277 1035 τῆν
306 951 463 1016 ἁπάντων
491 961 558 1015 τῶν
579 954 758 1036 παρόντων
782 949 900 1032 ἀκοήν·
939 952 1049 1015 ἔπειτα

42 1053 140 1138 λέγειν
168 1055 321 1122 ἐκέλευσε
348 1067 419 1134 τοίς
445 1060 576 1140 παισίν,
609 1063 644 1123 εί
661 1080 693 1122 τι
716 1058 905 1141 βούλονται.
947 1057 991 1134 ὡς
1015 1053 1085 1122 δ’3

41 1161 94 1225 οὐκ
118 1161 300 1249 ἐτόλμησεν
324 1162 436 1228 αὐτῶν
460 1161 635 1250 οὐδέτερος
656 1165 740 1250 πρὸς
763 1166 905 1250 ἄρνησιν
929 1162 1050 1247 ἀναιδῆ

40 1265 228 1352 τραπέσθαι,
252 1268 336 1334 ἀλλά
358 1273 619 1354 κατεψηφικότες
642 1267 770 1335 ἑαυτῶν
791 1272 924 1335 ἔκλαιον
943 1268 1051 1353 ἀμφό-

40 1395 130 1460 τεροι,
154 1376 272 1459 ὀλίγον
296 1370 328 1440 δ’
345 1375 489 1461 ἐπισχὼν
511 1378 636 1462 χρόνον
655 1376 828 1442 ἀνίσταται
846 1373 901 1441 καὶ
920 1376 1050 1459 σιωπὴν
1064 1395 1091 1434 1⁰

41 1481 241 1567 προκηρύξας
274 1480 501 1567 ἐκδεχομένων
534 1482 705 1566 ἁπάντων,
738 1484 773 1547 τί
799 1479 892 1558 τέλος
919 1480 1049 1564 ἐξοίσει,

41 1587 182 1654 θάνατον
207 1592 272 1675 ἔφη
295 1589 523 1667 καταδικάζειν
544 1600 613 1654 τῶν
635 1587 774 1655 τέκνων·
804 1585 858 1673 ἐφ’
880 1579 906 1676 ᾧ
930 1587 1051 1665 πάντες

12 1691 218 1782 ιοΙάνέκραγον
246 1696 308 1763 οὐκ
336 1695 506 1775 ἀξιοῦντες
532 1705 686 1763 τοιοῦτον
712 1697 819 1781 ἀνδρα
843 1698 1050 1779 ζημιωθῆναι

41 1798 156 1866 τέκνων
178 1803 318 1891 θαυάτφ
341 1800 397 1868 καὶ
420 1805 614 1889 χαρίζεσθαι
637 1804 695 1879 τάς
717 1803 825 1886 ψυχάς
847 1812 915 1867 τῶν
939 1826 1050 1888 μειρα-

40 1908 113 1972 κίων
134 1907 318 1993 ἐβούλοντο
337 1916 383 1998 τῷ
402 1912 510 1995 πατρί.
548 1908 565 1974 ὁ
585 1907 616 1974 δ’
635 1910 711 1975 οὔτε
730 1911 788 1986 τάς
807 1909 922 1993 φωυάς
940 1890 1090 2002 αὐτωνζῙ5

41 2013 108 2078 οὔτε
129 2017 190 2094 τάς
209 2017 355 2101 οίμωγάς
374 2015 599 2100 ἀνασχόμενος
617 2015 767 2082 ἐκέλευσε
785 2027 855 2093 τοῖς
872 2013 1051 2100 ὑπηρέταις

41 2118 171 2205 ἀπάγειν
203 2125 284 2200 τοὺς
310 2125 507 2198 νεανίσκους
535 2121 809 2207 ὀλοφυρομένους
834 2119 891 2187 καὶ
919 2121 1051 2205 ἀντιβο-

42 2231 173 2306 λοῦντας
210 2227 267 2294 καὶ
302 2239 376 2306 ταῖς
412 2228 584 2313 φιλτάταις
621 2228 723 2293 αὐτὸν
758 2227 1051 2312 ἀνακαλουμένους

40 2338 280 2422 προσηγορίαις.
317 2336 515 2420 θαυμαστὸν
538 2332 599 2420 μέν
621 2333 798 2401 καὶτοῦτο
821 2342 922 2398 πᾶσιν
942 2332 1050 2417 έφάνη

41 2441 71 2504 τὸ
97 2438 204 2525 μηδὲν
233 2441 392 2507 ἐνδοῦναι
419 2442 478 2506 τὸν
501 2442 609 2527 ἀνδρα
632 2444 712 2526 μῆτε
735 2441 818 2527 πρὸς
841 2441 898 2516 τὰς
922 2440 1051 2522 δεήσεις
1065 2459 1093 2498 2⁰

40 2556 98 2610 τῶν
133 2552 282 2613 πολιτῶν
319 2550 399 2633 μήτε
430 2548 514 2633 πρὸς
544 2551 623 2624 τοὺς
655 2554 786 2624 οίκτους
816 2557 884 2612 τῶν
915 2543 1051 2629 τέκτων,

40 2658 142 2718 πολλοι
174 2652 205 2719 δ’
229 2657 277 2720 ἔτι
302 2655 426 2720 τούτου
455 2655 734 2740 θαυμασιώτερον
760 2653 798 2717 τὸ
826 2649 901 2738 περὶ
923 2653 982 2729 τὰς
1004 2677 1051 2718 τι-
1076 2644 1078 2648 ’

42 2765 159 2846 μωρίας
183 2762 295 2828 αὐτῶν
318 2761 515 2847 ἀμείλικτον.
553 2761 715 2846 οὔτεγὰρ
739 2761 864 2825 ἀλλοθί
882 2781 949 2824 που
972 2761 1088 2826 συν-5

42 2867 201 2953 εχάρησευ
234 2868 444 2953 ἀπαχθέντας
475 2870 554 2944 τοὺς
585 2867 682 2946 υἱοὺς
713 2867 774 2946 ἔξω
806 2875 864 2951 τῆς
896 2866 1052 2932 ἁπάντων

43 2972 142 3052 ὅψεως
165 2975 364 3057 ἀποθανεῖν,
388 2971 461 3040 οὔτ’
489 2975 588 3051 αὐτὸς
611 2973 647 3039 ἐκ
665 2983 723 3058 τῆς
742 2974 864 3059 ἀγοράς
882 2972 1052 3056 ὑπαυεχώ-
1066 2990 1092 3031 ²⁵

106 3103 122 3151 2
142 3099 314 3168 συνωμοσίαι
332 3096 355 3150 Β
437 3103 453 3150 3
472 3095 521 3150 καί
539 3095 595 3150 del.
614 3096 718 3150 Reiske
795 3102 813 3149 4
830 3101 889 3157 τοῖς
906 3092 1052 3164 χειρογρά-

44 3184 101 3232 φοις
118 3168 173 3223 del.
192 3168 297 3223 Reiske
371 3165 553 3238 ὅάμφότερα
571 3167 624 3221 ΑΒ
693 3165 909 3236 9*τραπέσθαι
927 3176 1052 3234 κατεψη-

44 3235 150 3304 φικότες
168 3239 191 3292 Β
212 3273 215 3277 -
236 3237 399 3309 τραπέσθαι
421 3237 509 3293 πάλαι
532 3259 557 3293 κ.
581 3239 606 3291 R
650 3236 810 3309 τραπέσθαι
829 3236 899 3291 ἀλλὰ
921 3257 947 3292 κ.
971 3253 1024 3306 ego
1046 3237 1050 3308 Ι

45 3305 150 3364 ἔκλαιον
172 3308 201 3364 δ’
218 3309 383 3382 ἀμφότεροι,
402 3309 495 3380 ὀλίγον
515 3305 636 3380 ἐπισχὼν
655 3326 678 3366 ο.
697 3309 800 3364 Reiske
878 3314 910 3362 19
930 3305 981 3378 μὲν
1000 3305 1052 3363 οάν

45 3393 64 3431 e.
81 3380 182 3436 δείδιε
198 3386 202 3448 Ι
219 3391 302 3437 τοῦτο
325 3382 431 3435 ἅπασιν
451 3381 473 3435 Ο
547 3387 581 3435 23
601 3379 699 3435 ἀλλοσέ
722 3399 771 3434 ποι
791 3397 813 3434 ο,
832 3379 962 3434 Ηοδιίοἰιι
979 3378 1052 3433 Her-

45 3465 96 3504 mes
115 3451 141 3504 X
154 3459 205 3508 412
225 3452 315 3508 Cobet
329 3451 394 3508 Obs.
408 3469 435 3522 p.
451 3457 485 3506 96
541 3457 574 3506 25
588 3452 787 3522 παρεχώρησεν
801 3449 878 3504 ABb
906 3451 1052 3519 ὑπανεχώ-

46 3540 122 3589 ρησεν
142 3540 209 3579 corr.
230 3539 263 3579 ex
281 3523 481 3594 παρεχώρησεν
498 3522 546 3575 Ba
