2384 3902
143 237 210 302 216
572 242 737 292 -Ε-

143 400 344 485 προβούλων
367 401 449 465 κατά
471 409 568 484 νοῶν,
593 398 664 466 ἀλλ’
688 399 725 466 ἐν
749 397 868 484 ἑκάστη
890 399 986 463 πόλει
1008 399 1088 474 τοὺς
1104 397 1146 478 δη·

145 509 301 591 μοτικοὺς
329 507 538 573 ἀναδύεσθαι
565 509 625 572 τὸν
650 509 812 591 πόλεμον,
840 503 896 570 καὶ
918 506 1056 580 πλείους
1079 497 1146 568 εἶναι

144 615 223 690 τοὺς
250 612 426 693 ἀξιοῦντας
453 612 568 699 μένειν
595 615 653 690 τὰς
680 614 828 689 σπονδάς
849 621 918 677 τῶν
942 611 1145 676 διαλελύσθαι

144 721 325 804 λεγόντων·
362 719 415 786 ἐπὶ
440 718 478 786 δὲ
500 723 580 799 τοὺς
603 720 640 786 ἐν
666 722 797 806 Φιδήνῃ
819 719 880 784 τὸν
903 717 1019 803 ἕτερον
1043 716 1146 802 ἐύηρί-

120 842 247 892 ισαντο
271 837 339 892 τῶν
361 827 497 893 ὑπάτων
519 828 658 893 Μάνιον
683 828 827 893 Τύλλιον
850 825 1044 891 ἀποστεῖλαι
1068 841 1145 908 στρα-

145 934 220 998 τιάν
252 934 377 1016 άγοντα
408 937 550 1019 πολλήν·
597 934 634 1012 ὃς
666 933 779 1018 ἐπειδὴ
812 934 873 1017 την
906 933 1020 1017 χώραν
1052 931 1145 997 αὐτῶν

145 1037 273 1123 ἐδῄωσε
295 1041 378 1105 κατά
400 1042 529 1124 πολλὴν
552 1042 669 1106 άδειαν
692 1040 831 1117 οὐδενὸς
853 1036 937 1125 ὑπὲρ
961 1038 1065 1122 αὐτῆς
1082 1037 1146 1120 άμυ
1179 1051 1180 1064 ³

145 1142 301 1229 νομένου,
325 1150 468 1230 πλησίον
485 1157 546 1213 τοῦ
564 1150 693 1232 τείχους
711 1145 1146 1233 καταστρατοπεδευσάμενος

110 1248 308 1392 3ἐφύλαττε
325 1250 399 1337 μήτ’
419 1253 542 1339 άγορδς
561 1254 756 1338 εἰσάγεσθαι
773 1264 844 1330 τοῖς
862 1254 964 1318 ἐνδον
978 1251 1095 1336 μητε”
1078 1255 1145 1316 οπλα

7 1437 9 1440 ¹
110 1415 135 1455 ,0
110 1329 225 1445 μήτε
259 1361 364 1443 άλληυ
396 1363 559 1445 βοήθειαν
591 1361 766 1446 μηδεμίαν.
814 1361 994 1443 Φιδηναῖοι
1026 1355 1088 1442 μὲν
1115 1358 1144 1438 δη

144 1467 305 1551 τειχήρεις
324 1463 480 1548 ἐγένοντο
498 1465 554 1532 καὶ
572 1468 655 1553 πρὸς
672 1469 730 1544 τάς
744 1468 902 1532 Λατίνων
920 1465 1145 1550 ἐπρεσβεύοντο

144 1574 255 1650 πόλεις
287 1572 441 1658 δεόμενοι
472 1576 604 1658 ταχείας
635 1575 835 1658 συμμαχίας·
874 1572 909 1636 οί
936 1569 975 1636 δὲ
1001 1587 1144 1657 προεστη-

148 1680 240 1754 κότες
263 1688 330 1743 τῶν
347 1682 514 1762 Λατίνων,
539 1678 666 1766 ἀγοράν
688 1679 907 1764 ποιησάμενοι
930 1689 999 1744 τῶν
1021 1681 1145 1757 πόλεων,

150 1786 348 1869 Ταρκυνίοις
375 1809 410 1852 τε
439 1779 540 1862 αὖθις
568 1785 749 1862 ἀποδόντες
776 1788 880 1870 λόγου
901 1783 957 1851 καὶ
980 1796 1051 1862 τοῖς
1071 1785 1146 1868 παρὰ
1182 1843 1183 1852 ,

110 1911 135 1952 ιε
146 1899 213 1954 τῶν
236 1891 531 1976 πολιορκουμένων
549 1894 701 1976 ἥκουσιν,
726 1891 868 1957 ἐκάλουν
882 1893 961 1968 τοὺς
975 1891 1145 1975 συνέδρους

146 1997 194 2072 είς
213 1996 382 2081 ἀπόφασιν
401 1999 546 2083 γνώμης,
564 2003 640 2064 τίνα
653 2000 716 2083 χρη
731 2002 888 2083 πολεμεῖν
900 1994 1072 2083 Ῥωμαίοις
1084 1998 1145 2082 τρί

144 2121 221 2186 πον,
245 2103 309 2169 ἀπὸ
331 2114 398 2170 τῶν
421 2105 657 2190 πρεσβυτάτων
680 2127 715 2170 τε
737 2102 793 2170 καὶ
814 2104 1081 2189 ἐπιφανεστάτων
1099 2103 1147 2188 άρ
1183 2105 1184 2110 ’

109 2208 289 2295 4ξάμενοι.
326 2214 460 2276 πολλῶν
489 2207 527 2276 δὲ
550 2209 726 2302 ῥηθέντων
748 2213 858 2294 λόγων
880 2208 937 2276 καὶ
959 2208 1035 2295 περὶ
1057 2211 1178 2274 αύτούιῶ

146 2326 207 2383 τοῦ
224 2315 372 2401 πολέμου
390 2327 535 2403 πρῶτον,
555 2319 587 2382 εί
603 2315 675 2383 δέοι
694 2317 796 2383 αὐτὸν
815 2316 1030 2403 ἐπικυρῶσαι,
1049 2317 1081 2382 οί
1094 2312 1146 2401 μὲν

109 2447 136 2486 ιο
145 2424 428 2511 ταραχωδέστεροι
454 2434 523 2489 τῶν
551 2422 725 2510 συνέδρων
752 2424 812 2490 τὸν
840 2422 980 2508 βασιλέα
1007 2424 1146 2507 κατάγειν

146 2529 200 2596 ἐπὶ
226 2532 288 2614 την
315 2529 422 2615 άρχηυ
449 2528 565 2613 ἠξίουν
588 2527 644 2595 καὶ
669 2530 866 2614 Φιδηναίοις
887 2534 1032 2615 βοηθεῖν
1056 2529 1146 2616 παρῄ-

145 2655 243 2700 νουν·
280 2635 317 2701 ἐν
344 2635 536 2721 ἡγεμονίαις
563 2632 625 2720 μὲν
654 2638 856 2721 βουλόμενοι
878 2635 1041 2720 γενέσθαι
1061 2652 1145 2721 στρα-

146 2753 310 2820 τιωτικαῖς
328 2739 382 2808 καί
400 2743 602 2828 πραγμάτων
621 2741 818 2826 ἐφάψασθαι
836 2743 1001 2827 μεγάλων,
1021 2743 1144 2827 μάλιστα

147 2846 179 2914 δ’
201 2850 236 2914 οί
261 2851 457 2926 δυναστείας
483 2846 539 2914 καί
566 2850 767 2935 τυραννίδος
794 2848 832 2914 ἐν
854 2859 926 2926 ταῖς
950 2847 1074 2915 ἑαυτῶν
1092 2867 1143 2912 πα-

110 2978 136 3019 εε
145 2959 256 3043 τρίσιν
270 2954 419 3043 ἐρῶντες,
434 2956 477 3039 ἣν
491 2955 814 3040 συγκατασκευάσειν
828 2955 942 3033 αὐτοῖς
956 2955 1144 3042 Ταρκυνίους

147 3063 323 3130 ἐπείθοντο
345 3064 408 3147 την
425 3058 594 3148 Ῥωμαίων
618 3062 724 3147 ἀρχὴν
742 3061 1042 3148 ἀνακτησαμένους.
1069 3060 1099 3126 οί
1111 3052 1140 3123 δ’

147 3171 375 3254 εὐπορώτατοί
394 3192 429 3233 τε
452 3167 507 3233 καὶ
528 3167 763 3234 ἐπιεικέστατοι
781 3166 895 3254 μένειν
913 3169 951 3235 ἐν
969 3180 1039 3246 ταῖς
1055 3184 1141 3233 σπου-

150 3273 222 3346 δαῖς
245 3273 361 3354 ἠξίουν
383 3274 440 3350 τάς
463 3275 575 3350 πόλεις
597 3273 651 3340 καὶ
675 3276 719 3360 μη
742 3278 926 3361 προχείρως
947 3274 1000 3342 ἐπὶ
1016 3277 1053 3340 τὰ
1069 3274 1142 3338 ὅπλα

225 3495 258 3540 22
278 3503 482 3560 στρατιωτικοῖς
501 3497 592 3566 κύριοι
611 3499 634 3552 Ο
653 3501 765 3567 μισθίων
783 3500 805 3553 Β
879 3509 912 3558 27
933 3522 962 3558 τε
982 3520 1032 3558 om.
1048 3500 1069 3554 B
