2400 3912
161 216 205 282 94
589 217 753 267 -Δ-

159 380 306 456 πολλοὺς
333 380 388 444 καλ
414 378 555 455 πελάτας
577 377 781 461 ἐπαγόμενος
803 376 848 452 ὡς
871 375 1060 460 αὐτόμολος
1085 373 1166 458 <κοά>

160 485 216 550 ἵνα
245 485 286 568 δὴ
314 489 442 569 μᾶλλον
470 484 560 572 αὐτῷ
587 483 799 549 πιστεύσειαν
823 481 1006 565 ἀληθεύειν
1028 481 1094 565 τὴν
1116 481 1165 545 ἀπὸ

159 600 220 657 τοῦ
242 593 366 677 πατρὸς
388 591 582 674 ἀπόστασιν,
605 589 768 676 ἀργύριόν
791 587 905 654 τεκαὶ
927 589 1072 675 χρυσίον
1095 591 1165 652 πολὺ

159 699 314 781 κομίζων·
342 696 578 784 ἐπισυνέρρεόν
597 695 625 762 τ’
644 697 733 785 αὐτῷ
753 693 872 761 πολλοὶ
891 695 972 780 μετά
989 702 1097 759 ταῦτα
1114 705 1165 758 τῶν

131 803 195 868 οέκ
225 813 283 888 τῆς
315 806 441 881 πόλεως
473 805 613 888 φεύγειν
641 802 704 886 τὴν
730 803 916 888 τυραννίδα
944 803 1164 885 σκηπτόμενοι,

122 907 214 976 4καὶ
239 907 310 994 χεὶρ
334 913 398 995 ἤδη
422 910 497 997 περὶ
521 911 624 976 αὐτὸν
647 905 690 994 ἦν
712 909 863 996 καρτερά.
911 906 1072 986 δόξαντες
1096 905 1122 971 δ’
1142 907 1166 970 οί

158 1016 277 1101 Γάβιοι
298 1015 381 1101 μέγα
398 1015 662 1103 προσγεγονέναι
680 1019 777 1101 σφίσι
796 1012 1025 1099 πλεονέκτημα
1044 1017 1163 1078 πολλῶν

158 1121 203 1198 ὡς
227 1122 349 1201 αὐτοὺς
372 1123 586 1208 ἀφικομένων
609 1121 664 1188 καὶ
687 1123 728 1188 οὐ
750 1123 806 1186 διά
825 1128 954 1207 μακροῦ
972 1121 1035 1202 τὴν
1050 1117 1165 1204 Ῥώμην

158 1228 351 1315 ὑποχείριον
379 1229 464 1310 ἕξειν
493 1230 685 1305 ἐλπίσαντες
712 1226 768 1294 καὶ
795 1231 844 1293 ἔτι
867 1232 995 1312 μάλλον
1019 1225 1163 1309 ἐξαπατη-

118 1355 144 1394 10
157 1333 275 1412 θέντες
296 1329 357 1419 ὑφ’
378 1330 427 1400 ὧν
451 1337 608 1420 ἔπραττεν
632 1334 651 1401 ὁ
670 1343 731 1400 τοῦ
750 1334 874 1419 πατρὸς
892 1333 1080 1416 ἀποστάτης
1098 1349 1163 1397 συν-

157 1427 239 1526 εχῶς
263 1439 315 1507 ἐπὶ
337 1443 399 1526 τὴν
422 1443 534 1527 χώραν
557 1441 654 1519 ἐξιὼν
677 1439 732 1506 καὶ
750 1441 875 1517 πολλάς
893 1441 1162 1525 περιβαλλόμενος

157 1549 332 1632 ὠφελείας·
370 1549 595 1634 παρεσκεύασε
622 1549 686 1634 γάρ
715 1547 733 1613 ὁ
761 1547 869 1634 πατὴρ
898 1547 988 1634 αὐτῷ
1012 1546 1163 1630 προειδὼς

157 1657 204 1730 είς
231 1654 291 1731 οὓς
318 1655 478 1737 παρέσται
504 1657 642 1736 τόπους,
670 1657 733 1738 τήν
760 1676 796 1719 τε
821 1657 915 1719 λείαν
938 1654 1098 1737 ἀφθονον
1119 1647 1162 1715 καὶ

157 1763 197 1824 τά
219 1764 324 1844 χωρία
347 1761 531 1846 ἀφύλακτα,
554 1759 609 1826 καὶ
628 1763 707 1837 τοὺς
725 1758 977 1845 ἀπολουμένους
995 1755 1052 1823 ὑπ’
1069 1758 1161 1823 αὐτοῦ

117 1884 142 1924 15
157 1877 304 1952 συνεχῶς
327 1869 484 1952 ἔπεμπεν,
513 1867 745 1952 ἐπιλεγόμενος
773 1867 808 1932 ἐκ
835 1877 902 1931 τῶν
924 1870 1088 1948 πολιτῶν,
1114 1863 1161 1938 οὓς

156 1971 193 2038 ἐν
225 1973 384 2053 ὑποψίαις
416 1969 515 2059 εἶχεν·
553 1973 586 2052 ἐξ
615 1974 770 2039 ἁπάντων
797 1996 833 2038 τε
860 1974 990 2038 τούτων
1019 1971 1190 2050 δόξαντεςῑῑ

157 2083 258 2162 φίλον
284 2083 344 2165 [τε]
369 2082 488 2146 πιστὸν
511 2075 601 2146 εἷναί
621 2097 719 2165 σφισι
741 2082 801 2146 τὸν
824 2081 933 2166 ἀνδρα
955 2077 1012 2144 καὶ
1036 2095 1161 2163 στρατη-

156 2185 258 2270 λάτην
282 2187 426 2273 ἀγαθόν,
449 2185 568 2253 πολλοὶ
591 2183 628 2252 δέ
650 2186 706 2252 καὶ
729 2189 895 2273 χρήμασιν
917 2181 973 2250 ὑπ’
997 2185 1101 2250 αὐτοῦ
1118 2185 1161 2248 δε-

155 2292 347 2378 κασθέντες,
371 2293 424 2360 ἐπὶ
447 2295 509 2378 τὴν
532 2294 760 2379 αὐτοκράτορα
783 2293 994 2379 παράγουσιν
1017 2291 1127 2378 ἀρχάν.

116 2419 143 2458 20
222 2400 308 2466 LVI.
343 2401 514 2483 Τοσαύτης
544 2401 585 2484 δὴ
615 2401 795 2484 γενόμενος
823 2398 974 2477 ἐξουσίας
1002 2398 1021 2464 ὁ
1049 2395 1159 2474 Σέξτος

156 2506 271 2591 κύριος
304 2504 348 2570 δι’
375 2507 499 2591 ἀπάτης
531 2503 586 2571 καὶ
618 2515 828 2591 φενακισμοῦ
856 2517 924 2572 τῶν
950 2507 1159 2590 θεραπόντων

155 2611 231 2675 τινά
262 2612 379 2677 λαθὼν
410 2615 489 2689 τοὺς
516 2614 663 2695 Γαβίους
693 2611 812 2696 πέμπει
843 2613 927 2697 πρὸς
955 2613 1016 2676 τὸν
1048 2609 1159 2693 πατέρα

105 2775 108 2781 ,
156 2718 217 2799 τήν
240 2713 268 2782 τ’
290 2717 459 2801 ἐξουσίαν,
482 2719 526 2803 ἣν
550 2719 695 2803 εἰληφὼς
717 2714 771 2803 ἦν,
796 2719 991 2803 δηλώσοντα
1014 2716 1070 2782 καὶ
1091 2737 1159 2780 πευ·

120 2825 314 2908 2σόμενον,
346 2827 382 2888 τί
410 2825 472 2910 χρὴ
505 2835 622 2890 ποιεῖν.
669 2825 687 2891 ὁ
718 2821 755 2890 δὲ
775 2811 971 2911 ΙΤαρκύνιος
1003 2820 1084 2889 οὐδὲ
1105 2823 1158 2886 τὸν

114 2948 141 2990 2⁵
155 2931 346 3018 θεράποντα
369 2931 546 3013 γινώσκειν
569 2934 783 3017 βουλόμενος,
808 2929 829 2994 ἀ
846 2930 906 2995 τὸν
924 2929 1001 2995 υίὸν
1020 2927 1157 2995 ἐκέλευσε

226 3131 242 3179 2
261 3125 310 3179 ίνα
328 3123 364 3193 δὴ
384 3123 406 3178 O
444 3123 493 3178 καὶ
516 3125 564 3180 ἵνα
586 3123 622 3193 δὴ
641 3123 688 3178 vel
706 3122 754 3178 καὶ
773 3125 821 3178 ίνα
839 3122 885 3177 vel
904 3123 952 3176 ἵνα
970 3119 1003 3176 δὲ
1022 3126 1118 3192 μᾶλλον
1132 3135 1154 3172 c.

154 3195 254 3250 Portus
321 3202 354 3250 12
372 3198 505 3266 προιδο.
526 3198 589 3266 (ηδο
607 3197 641 3250 ut
658 3194 780 3264 videtur)
798 3194 844 3248 Ba
879 3195 1009 3263 προϊδεῖν
1028 3194 1074 3246 Bb
1125 3197 1154 3243 17

126 3301 128 3305 -
155 3266 323 3334 φίλοντεΟ
352 3288 381 3336 φ.
402 3267 437 3336 δὴ
457 3267 585 3322 Hertlein
598 3267 715 3322 Hermes
730 3267 817 3320 X413
844 3285 874 3319 τε
889 3264 946 3320 del.
962 3263 1085 3318 Schenkl
1096 3263 1156 3315 Bur-

156 3334 229 3386 siani
246 3335 382 3390 librorum
401 3354 465 3392 ann.
483 3337 603 3392 breviar.
621 3356 649 3406 p.
664 3343 698 3392 45
762 3341 794 3390 18
812 3335 1002 3398 δεκασθέντες
1020 3335 1044 3388 Β
1079 3337 1155 3400 δαρο-

157 3403 370 3470 δοκηθέντεςθ
425 3414 457 3461 19
476 3406 648 3477 προάγουσιν
668 3425 691 3463 ο.
711 3406 840 3463 Hertlein
857 3407 975 3462 Hermes
995 3407 1086 3460 X413
1123 3408 1154 3455 20

157 3471 309 3540 γενομένης
327 3476 352 3526 A
422 3483 456 3530 25
477 3473 626 3532 ἐκέλευεΒ
