2400 3912
468 241 630 287 -A-
1015 239 1057 303 99

54 401 180 480 ιλησίας
202 406 401 484 παραχρῆμα
423 396 478 463 καλ
501 397 690 482 διωμόσατο
708 399 790 463 κατά
808 409 876 464 τῶν
895 404 1057 484 σφαγίων.

53 507 171 570 τούτων
201 502 270 570 έστλ
294 515 363 570 τῶν
387 505 510 589 ὁρκίων
533 514 696 589 μνημεῖον
719 504 756 570 έν
774 502 880 592 Ῥώμη
904 510 1058 591 κείμενον

53 611 79 676 έν
100 612 181 698 ίερῷ
205 611 291 688 Διὸς
314 614 469 694 Πιστίου,
494 611 534 676 ὁν
552 606 706 695 Ῥωμαῖοι
727 611 863 694 Σάγκον
885 617 1057 697 καλοῦσιν,

52 715 140 794 ιἰστιλς
163 716 279 801 ξυλίνη
303 720 412 804 βύρσῃ
437 720 532 804 βοείη
554 721 729 803 περίτονος
751 726 811 782 τοῦ
830 717 1058 801 σφαγιασθέν-

51 845 94 900 τος
124 821 273 920 ἐπὶτῶν
302 824 426 910 ὁρκίων
452 826 527 890 τότε
553 826 648 908 βοός,
676 825 866 910 γράμμασιν
889 823 1085 911 άρχαλκοίςε
1126 835 1132 847 ·

17 929 308 1017 λλλέπιγεγραμμένη
327 933 386 1008 τάς
403 928 585 1015 γενομένας
602 930 716 1007 αὐτοῖς
735 929 921 1015 ὁμολογίας.
956 939 1058 996 ταῦτα

50 1037 166 1122 πράξας
189 1036 245 1103 καὶ
267 1038 406 1122 βασιλέα
428 1047 496 1102 τῶν
510 1039 646 1121 Γαβίων
664 1038 724 1102 τὸν
741 1037 819 1101 υίὸν
832 1034 960 1115 Σέξτον
978 1037 1058 1102 ἀπο-

50 1143 151 1222 λειξας
179 1144 284 1230 ἀπῆγε
311 1146 374 1229 τὴν
398 1145 553 1230 δύναμιν.
599 1144 617 1210 ὁ
648 1139 709 1229 μὲν
739 1144 781 1228 δὴ
808 1145 892 1230 πρὸς
914 1147 1059 1227 Γαβίους

48 1252 184 1335 πόλεμος
205 1253 362 1318 τοιούτου
384 1250 501 1328 τέλους
524 1253 648 1335 ἔτυχεν.

108 1355 248 1424 LVIIII.
276 1358 462 1444 Ταρκύνιος
490 1353 527 1422 ὁὸ
555 1358 636 1442 μεταλ
663 1365 761 1422 τοῦτο
789 1357 827 1420 τὸ
856 1358 955 1441 ἔργον
980 1357 1058 1422 ἀνα·
1073 1381 1099 1419 ιο

48 1466 170 1541 παύσας
200 1465 262 1530 τὸν
294 1465 381 1530 λεὼν
412 1474 480 1530 τῶν
509 1475 691 1550 στρατειῶν
717 1461 772 1528 καὶ
799 1462 954 1546 πολέμων
982 1461 1058 1548 περὶ

47 1571 100 1653 την
131 1571 339 1655 κατασκευὴν
370 1581 439 1635 τῶν
469 1570 569 1654 ἱερῶν
596 1569 723 1653 έγίνετο
751 1570 808 1646 τάς
834 1577 895 1634 τοῦ
922 1569 1058 1634 πάππου

47 1678 323 1762 προθυμούμενος
349 1677 448 1762 εὐχάς
474 1674 667 1742 ἐπιτελέσαι.
713 1673 838 1752 ἐκεῖνος
864 1675 929 1758 γάρ
953 1674 990 1740 έν
1012 1684 1057 1763 τῷ

47 1785 217 1872 τελευταίῳ
250 1782 384 1872 πολέμφ
415 1786 600 1869 μαχόμενος
630 1784 714 1869 πρὸς
741 1786 912 1868 Σαβίνους
941 1780 1058 1859 εύξατο

46 1897 84 1976 τῷ
110 1887 170 1954 Διὶ
197 1888 254 1956 καλ
280 1899 320 1974 τῇ
335 1888 425 1977 Ἥρᾳ
453 1888 508 1955 καλ
535 1897 575 1976 τῇ
595 1887 738 1977 Ἀθηνᾷ,
767 1888 826 1954 έάν
849 1890 996 1974 κρατηση
1019 1895 1058 1973 τῇ
1073 1909 1098 1949 15

46 1997 141 2082 μάχη,
167 1999 272 2074 ναοὺς
296 1997 410 2074 αὐτοῖς
432 1996 705 2062 κατασκευάσειν·
738 1993 874 2060 καὶτὸν
898 1991 960 2079 μέν
984 1997 1058 2060 σκό-

45 2109 153 2187 πελον,
177 2105 265 2170 ἔνθα
289 2104 489 2189 ἱδρύσεσθαι
511 2105 593 2179 τοὺς
614 2103 719 2179 θεοὺς
742 2104 888 2185 ἔμελλεν,
913 2101 1058 2186 ἀναλημ-

46 2213 124 2291 μασί
152 2234 187 2276 τε
219 2210 276 2276 καὶ
307 2211 436 2296 χώμασι
463 2210 620 2295 μεγάλοις
647 2208 873 2294 ἐξειργάσατο,
906 2208 1057 2292 καθάπερ

45 2318 127 2399 ἔφην
150 2317 187 2382 έν
210 2325 256 2405 τῷ
279 2318 345 2403 πρὸ
363 2318 485 2382 τούτου
505 2319 604 2404 λόγῳ,
628 2316 690 2399 τὴν
710 2311 746 2381 ὁὸ
764 2325 832 2380 τῶν
850 2325 942 2380 ναῶν
960 2336 1058 2378 κατα-
1079 2371 1081 2374 .

45 2424 163 2507 σκευὴν
187 2425 250 2490 ούκ
274 2427 364 2510 ἔφθη
388 2423 526 2490 τελέσαι.
562 2431 662 2489 τοῦτο
686 2423 728 2506 ὁὴ
752 2422 789 2486 τὸ
813 2424 914 2507 ἔργον
937 2420 1058 2506 ὁΤαρ-
1072 2441 1099 2480 ιο

44 2529 154 2607 κύνιος
186 2530 251 2596 άπὸ
283 2539 341 2614 τῆς
373 2531 512 2613 ὁεκάτης
542 2541 610 2596 τῶν
643 2529 679 2594 έκ
710 2525 865 2610 Συέσσης
896 2527 1058 2612 λαφύρων

46 2635 224 2703 ἐπιτελέσαι
250 2637 517 2723 προαιρούμενος
545 2637 692 2712 ἅπαντας
714 2637 793 2710 τοὺς
815 2636 963 2718 τεχνίτας
986 2632 1058 2699 έπέ-

46 2759 138 2827 σιησε
161 2754 235 2821 ταῖς
258 2743 435 2829 ἐργασίαις.
472 2744 559 2808 ἔνθα
582 2742 624 2825 ὁη
648 2740 777 2823 λέγεται
799 2739 895 2826 τέρας
918 2763 949 2805 τι
972 2744 1092 2807 θον-2

47 2853 166 2931 μαστὸν
198 2851 359 2933 ὑπόγειον
389 2847 621 2935 ὀρυττομένων
651 2870 687 2911 τε
713 2856 781 2911 τῶν
807 2850 975 2930 θεμελίων
1002 2845 1057 2911 καλ

11 2963 98 3038 λλλτίης
122 2957 246 3044 ὀρυγῆς
270 2960 317 3034 είς
339 2959 426 3022 πολὺ
449 2956 556 3039 βάθος
578 2955 643 3038 ἥὸη
667 2954 864 3039 προϊούσης,
892 2953 1057 3037 εὑρῆσθαι
1070 2972 1096 3013 25

47 3065 165 3147 κεφαλὴ
189 3071 400 3148 νεοσφαγοῦς
423 3061 608 3147 ἀνθρώπου
626 3062 717 3125 τότε
736 3061 916 3146 πρόσωπον
935 3061 1057 3143 ἔχουσα

111 3297 126 3344 3
146 3290 277 3362 Σάγκτου
293 3290 345 3344 ΑΒ
365 3306 433 3344 corr.
449 3287 573 3342 Castalio
628 3295 645 3341 4
660 3288 827 3413 βαροοβοεία
840 3288 866 3340 Α
882 3291 886 3354 λ
902 3288 971 3358 περί
981 3306 1057 3350 τινος

46 3357 65 3410 Β
118 3360 354 3434 6ὁμολογία<ι>ς
371 3360 394 3412 Β
411 3363 415 3420 Ι
432 3354 640 3431 έγγεγραμμένη
659 3375 682 3413 ο.
719 3359 786 3413 οὸολ
805 3343 870 3414 Obs.
888 3376 917 3428 p.
933 3363 967 3413 88
1023 3364 1054 3412 11

47 3431 129 3485 λεὼΒ
183 3439 217 3488 25
237 3432 419 3504 παρούσηςΟ
452 3431 605 3500 προιούσης
620 3447 643 3485 ο.
658 3430 780 3500 Sylburg
840 3429 1054 3498 θύκεφαλὴνθ

47 3516 111 3559 corr.
128 3503 272 3574 Kiessling
287 3507 292 3574 λ
310 3502 412 3574 ἔχοντα
430 3501 481 3556 Ae
520 3499 639 3570 ἔχουσαν
657 3501 680 3555 Β

859 3589 894 3643 7*
