2400 3912
468 173 632 222 -Δ-

15 328 210 412 εοέμπρησιν
228 330 464 417 οἰκοδομηθεὶς
480 333 564 397 κατά
579 334 658 408 τοὺς
671 331 814 418 πατέρας
826 333 921 418 ἡμῶν
935 331 1060 420 εὑρέθη

45 441 82 517 τῇ
98 440 299 525 πολυτελείᾳ
316 447 375 522 τῆς
392 439 475 523 ύλης
493 442 599 525 μόνον
614 440 820 505 διαλλάττων
834 449 895 505 τοῦ
909 439 1059 525 ἀρχαίου,

47 540 79 604 ἐκ
104 537 168 624 μὲν
196 553 258 610 τοῦ
284 547 367 611 κατὰ
392 548 574 630 πρόσωπον
602 544 725 630 μέρους
748 555 809 612 τοῦ
831 547 915 632 πρὸς
937 564 1060 632 μεσημ-

46 649 141 731 βρίαν
160 647 346 732 βλέποντος
364 657 489 740 τριπλῷ
508 654 836 738 περιλαμβανόμενος
855 654 976 739 στοίχω
991 655 1059 718 κιό-

45 777 125 838 νων,
160 754 198 821 ἐκ
231 753 269 821 δέ
299 768 367 822 τῶν
398 761 549 840 πλαγίων
577 757 684 845 διπλῷ·
730 757 767 823 ἐν
796 753 827 822 δ’
853 757 942 845 αὐτῷ
970 769 1086 840 τρεῑςε

46 861 144 925 ἔνεισι
163 861 263 946 σηκοὶ
280 864 487 950 παράλληλοι
505 866 620 942 κοινάς
638 867 770 949 ἔχοντες
786 864 940 948 πλευράς,
959 863 1059 948 μέσος

46 962 101 1048 μὲν
124 967 143 1034 δ
168 977 231 1034 τοῦ
253 973 353 1053 Διός,
379 965 457 1057 παρ’
479 970 636 1054 ἑκάτερον
659 967 697 1035 δέ
719 971 757 1035 τὸ
780 968 880 1055 μέρος
903 971 921 1034 ὅ
943 993 978 1035 τε
1001 979 1058 1054 τῆς

39 1069 138 1159 Ἥρας
160 1073 218 1141 καί
242 1075 260 1141 ὁ
283 1085 342 1159 τῆς
360 1069 506 1160 Ἀθηνᾶς
527 1071 587 1161 ὑφ’
609 1075 684 1154 ἑνὸς
702 1075 801 1142 ἀετοῦ
819 1073 875 1140 καί
892 1084 969 1161 μιᾶς
987 1074 1058 1141 στέ-

44 1204 100 1263 γης
121 1185 374 1266 καλυπτόμενοι.

106 1287 209 1353 LXII.
232 1287 374 1372 Λέγεται
397 1287 437 1354 δέ
456 1311 488 1353 τι
511 1286 566 1354 καί
589 1288 704 1373 ἕτερον
723 1284 776 1353 ἐπί
793 1296 851 1372 τῆς
869 1291 1057 1372 Ταρκυνίου
1072 1314 1098 1354 ω

47 1395 240 1470 δυναστείας
272 1395 361 1460 κάνυ
393 1396 590 1478 θαυμαστὸν
623 1395 790 1480 εὐτύχημα
821 1403 860 1479 τῇ
888 1390 1057 1478 Ῥωμαίων

13 1499 182 1586 ῖῖῡδπάρξαι
209 1503 305 1567 πόλει
332 1507 397 1567 είτε
424 1508 517 1567 θεῶν
543 1524 635 1578 τινος
657 1506 723 1567 εἴτε
746 1502 917 1585 δαιμόνων
940 1500 1056 1585 εὐνοίᾳ

47 1607 212 1693 δωρηθέν·
235 1608 316 1691 ὅπερ
336 1608 377 1673 οὐ
397 1609 480 1692 πρὸς
499 1607 614 1692 ὀλίγον
628 1610 757 1692 καιρόν,
777 1603 848 1672 ἀλλ’
866 1608 913 1683 εἰς
926 1607 1055 1671 ἅπαντα
1120 1613 1123 1618 ’

45 1714 100 1778 τὸν
125 1717 203 1796 βίον
231 1715 390 1790 πολλάκις
418 1713 523 1798 αὐτὴν
550 1716 677 1779 ἔσωσεν
701 1714 737 1779 ἐκ
759 1713 912 1798 μεγάλων
934 1725 1054 1778 κακῶν.

47 1822 126 1902 γυνη
157 1842 207 1896 τις
240 1820 376 1905 ἀφίκετο
409 1821 492 1905 πρὸς
524 1821 583 1885 τὸν
610 1822 779 1905 τύραννον
807 1819 868 1885 οὐκ
896 1806 1094 1920 ἐπιχωρία125

47 1927 186 2010 βύβλους
213 1925 312 1992 ἐννέα
339 1927 459 2011 μεστάς
486 1930 697 2009 Σιβυλλείων
724 1937 883 2012 χρησμῶν
910 1926 1055 2009 ἀπεμπο-

47 2036 137 2114 λῆσαι
158 2031 318 2099 θέλουσα.
356 2033 418 2098 οὐκ
440 2031 614 2111 ἀξιοῦντος
637 2030 675 2098 δέ
697 2043 758 2098 τοῦ
784 2036 974 2118 Ταρκυνίου
997 2042 1054 2116 τῆς

48 2139 231 2224 αἰτηθείσης
266 2148 363 2224 τιμῆς
396 2143 561 2224 πρίασθαι
592 2141 650 2216 τάς
681 2141 828 2225 βύβλους
860 2139 1054 2204 ἀπελθοῦσα

47 2255 126 2327 τρεῖς
148 2243 181 2322 ἐξ
205 2245 317 2310 αὐτῶν
340 2244 534 2312 κατέκαυσε·
565 2243 621 2312 καὶ
643 2240 713 2330 μετ’
735 2245 776 2310 οὐ
798 2248 906 2310 πολὺν
929 2249 1053 2331 χρόνον

48 2352 98 2426 τὰς
127 2353 244 2428 λοιπάς
277 2351 354 2435 <ἓξ>
387 2352 549 2435 ἐνέγκασα
580 2363 638 2437 τῆς
670 2353 771 2436 αὐτῆς
803 2352 922 2417 ἐπώλει
948 2360 1050 2435 τιμῆς.
1065 2376 1092 2415 εο

49 2455 161 2534 δόξασα
185 2453 217 2524 δ’
238 2460 359 2545 ἀφρων
380 2481 430 2536 τις
453 2454 539 2524 εἶναι
559 2457 615 2524 καί
632 2465 835 2542 γελασθεῖσα
854 2456 907 2523 ἐπὶ
925 2467 970 2546 τῷ
989 2459 1051 2540 τὴν

50 2563 143 2648 αὐτὴν
164 2566 265 2650 τιμὴν
289 2567 393 2630 αἰτεῖν
416 2564 492 2652 περὶ
514 2575 581 2632 τῶν
604 2565 800 2649 ἐλαττόνων,
823 2566 867 2649 ἣν
882 2562 962 2631 οὐδὲ
975 2563 1051 2648 περὶ

49 2679 107 2734 τῶν
131 2672 297 2736 πλειόνων
321 2671 471 2756 ἐδυνήθη
495 2675 625 2755 λαβεῖν,
654 2671 848 2738 ἀπελθοῦσα
871 2673 971 2737 πόλιν
993 2673 1051 2749 τὰς

13 2773 186 2858 λθΙὴμισείας
208 2787 277 2842 τῶν
296 2776 568 2863 ἀπολειπομένων
586 2775 765 2843 κατέκαυσε
783 2775 838 2843 καὶ
858 2780 915 2855 τὰς
933 2780 1050 2854 λοιπάς

70 3071 74 3080 Ι
111 3009 124 3056 1
147 3003 253 3074 εὑρέθη
278 3004 301 3059 0
339 3003 445 3076 ἷδρύθη
469 3024 492 3060 ο.
515 3006 672 3062 Ambrosch
695 3006 808 3072 Quaest.
832 3005 912 3061 Dion.
933 3007 997 3059 110
1021 3008 1051 3058 et

52 3070 158 3128 Smtenis
176 3075 237 3131 Em.
256 3075 339 3132 Dion.
358 3077 385 3130 II
405 3085 437 3132 16
519 3085 603 3132 2τοῦ
623 3078 742 3148 ἀρχαίου
761 3079 787 3131 Β
822 3077 870 3132 τὸν
890 3075 1049 3148 ἀρχαῖονΒ

52 3146 195 3220 λοτίχμΟ
233 3150 333 3217 στοίχω
352 3146 442 3202 Οοδολ
460 3148 525 3204 Oba.
544 3167 572 3218 p.
587 3154 621 3203 89
676 3149 760 3212 6τάς
777 3147 899 3219 πλευράς
917 3165 940 3204 ο,
955 3146 1049 3200 Kiess·

52 3211 102 3283 hug
181 3225 214 3272 14
232 3219 282 3274 τὸν
306 3203 369 3291 βίον
389 3218 540 3290 (ὠφέλιμον
559 3216 670 3290 ἐγένετο
689 3220 748 3290 καλ)
767 3219 900 3282 πολλάκις
918 3236 940 3273 ο.
960 3217 1050 3272 Cobet

51 3282 106 3368 βόε.
123 3305 147 3356 p.
166 3295 200 3344 89
284 3296 317 3345 16
338 3291 456 3362 βύβλους
473 3291 526 3344 ΑΒ
555 3293 674 3416 ίηῖίβλους
692 3292 718 3345 Β
734 3296 737 3358 Ι
755 3300 878 3362 ,ρησμῶν
896 3291 942 3344 Ba
1014 3296 1049 3346 20

54 3355 149 3442 εξμδδ.
166 3359 310 3430 Kiessling
374 3368 407 3416 22
427 3361 518 3417 αἰτεῖν
536 3380 554 3416 α
575 3364 601 3416 d.
616 3365 639 3417 Β
655 3367 659 3435 1
675 3362 752 3434 περὶ]
772 3361 817 3416 hio
837 3365 866 3416 et
883 3362 1050 3433 paulopost

53 3423 110 3497 ὑπερ
127 3429 211 3486 Cobet
228 3431 295 3487 Obs.
313 3451 341 3503 p.
355 3438 390 3488 89
413 3468 418 3473 -
