2400 3912
131 215 196 280 130
557 216 722 266 -A-

94 382 243 465 4πολλῷ
277 375 502 463 μιαρωτέρους
532 383 594 441 τοῦ
625 377 756 461 πατρός.
802 376 888 441 ὅπου
915 376 979 459 γάρ
1007 373 1026 440 ὁ
1053 377 1140 458 γενύ-

132 507 231 569 μενος
253 482 286 563 ἐξ
311 484 447 548 ἰδιώτου
465 483 630 569 τύραννος
648 479 703 548 καὶ
722 477 784 560 ὀψὲ
803 480 986 568 ἀρξάμενος
1002 483 1140 568 πονηρὸς

132 586 233 675 εἶναι,
265 598 375 657 πᾶσαν
403 589 538 676 ἀκριβοῖ
561 589 623 672 τήν
650 590 855 673 τυραννικήν
882 590 1017 672 κακίαν,
1044 590 1140 654 ποδα-

131 700 215 775 πούς
246 698 308 783 χρή
341 698 489 780 νομίζειν
516 697 655 761 ἔσεσθαι
681 697 761 772 τοὺς
788 693 822 772 έξ
850 693 980 760 ἐκείνου
1009 694 1140 780 φύντας,

111 796 183 882 τοῖς
205 804 355 890 πονηρὸν
374 800 436 888 μὲν
458 800 566 887 γένος,
590 799 735 887 πονηραὶ
759 798 797 867 δέ
819 804 953 890 τροφαί,
977 803 1141 868 πολιτικὸν

132 907 170 976 δὲ
206 907 261 975 καὶ
297 908 433 996 μέτριον
465 905 567 975 οὐδὲν
600 906 669 974 οὔτ’
702 909 788 975 ἰδεῖν
819 906 985 992 ἐξεγένετο
1017 909 1176 974 πώποτεύθ

132 1018 361 1102 πραττόμενον
384 1016 461 1082 οὔτε
484 1021 622 1101 μαθείνς
648 1015 705 1081 ἵνα
728 1011 766 1080 δὲ
789 1017 833 1100 μή
857 1015 1071 1100 μαντεύησθε
1094 1017 1143 1092 τάς

132 1123 337 1208 καταράτους
355 1122 466 1188 αὐτῶν
485 1123 618 1207 φύσεις,
639 1121 712 1188 ἀλλ’
733 1121 878 1209 ἀκριβῶς
897 1121 1036 1207 μάθητε,
1057 1123 1143 1200 οἵους

133 1229 298 1307 σκύλακας
320 1230 400 1314 ὑμῖν
422 1228 444 1313 ή
463 1232 653 1315 Ταρκυνίου
675 1227 835 1316 τυραννίς
854 1227 1048 1316 ὑποτρέφει,
1072 1229 1143 1294 θεά-

100 1344 244 1402 ιοσασθε
267 1338 368 1422 ἔργον
391 1334 466 1413 ἑνὸς
488 1335 599 1401 αὐτῶν
621 1345 682 1402 τοῦ
704 1337 945 1422 πρεσβυτάτου.

200 1443 362 1509 LXXXII.
389 1442 482 1526 Αὕτη
502 1444 655 1527 Σπορίου
679 1441 740 1528 μέν
764 1441 832 1508 ἐστι
850 1445 1066 1530 Λουκρητίου
1089 1449 1143 1508 θυ-

134 1551 254 1636 γάτηρ,
282 1549 323 1616 δν
351 1546 500 1642 ἀπέδειξε
516 1537 585 1633 Ιτής
612 1550 738 1624 πόλεως
766 1551 911 1635 ἔπαρχον
940 1548 958 1614 ὁ
985 1549 1145 1635 τύραννος

135 1657 232 1736 ἐξιὼν
269 1653 322 1722 ἐπὶ
356 1657 416 1721 τὸν
448 1657 610 1738 πόλεμον,
646 1657 837 1738 Ταρκυνίου
870 1651 907 1720 δὲ
939 1658 1144 1722 Κολλατίνου

134 1765 220 1847 γυνή
251 1770 312 1828 τοῦ
340 1770 524 1846 συγγενοῦς
550 1771 618 1826 τῶν
645 1762 828 1846 τυράννων
849 1759 906 1828 καὶ
932 1763 1041 1828 πολλά
1069 1759 1144 1847 ὑπὲρ

99 1891 125 1932 15
136 1869 248 1934 αὐτῶν
269 1870 576 1952 κακοπαθήσαντος.
618 1868 701 1952 αὕτη
725 1865 840 1952 μέντοι
862 1879 1055 1956 σωφρονεῖν
1073 1873 1145 1953 βου

135 1973 258 2061 λομέυη
289 1972 346 2039 καὶ
376 1976 436 2040 τὸν
468 1976 576 2060 ἀνδρα
607 1975 667 2050 τὸν
700 1973 818 2058 ἑαυτῆς
845 1980 1008 2060 φιλοῦσα,
1042 1975 1146 2060 ὥσπερ

136 2083 248 2168 ἀγαθή
262 2084 421 2168 προσήκει
434 2084 580 2166 γυναικί,
605 2079 815 2166 ξενιζομένου
828 2079 907 2168 παρ’
925 2081 1009 2167 αὐτή
1024 2080 1146 2160 Σέξτον

136 2190 192 2254 διά
214 2190 276 2274 τήν
300 2187 498 2273 συγγένειαν
515 2196 555 2274 τῇ
573 2189 791 2274 παρελθούσῃ
810 2193 916 2272 νυκτί,
940 2191 1147 2266 Κολλατίνου

136 2293 173 2361 δὲ
193 2291 261 2361 τότ’
278 2295 532 2379 ἀποδημοῦντος
555 2292 609 2360 έπὶ
628 2293 865 2382 στρατοπέδου,
887 2297 950 2380 τήν
968 2294 1148 2362 ἀκόλαστον

100 2425 126 2466 νο
136 2405 237 2490 ὕβριν
268 2410 326 2486 τής
357 2401 557 2488 τυραννίδος
585 2401 646 2466 οὐκ
673 2401 824 2485 ἐδυνήθη
849 2403 1044 2487 διαφυγεῖν,
1075 2397 1143 2466 ἀλλ’

137 2511 247 2593 ὥσπερ
274 2508 478 2593 αἰχμάλωτος
501 2506 557 2573 ὑπ’
581 2507 726 2593 ἀνάγκης
747 2514 954 2592 κρατηθεῖσα
976 2507 1148 2593 ὑπέμεινεν

102 2617 201 2680 2ύσα
223 2616 267 2698 μή
291 2611 389 2698 θέμις
412 2613 574 2702 ἐλευθέρᾳ
596 2613 731 2698 γυναικὶ
753 2621 886 2680 παθεῖν.
924 2613 979 2700 ἐφ’
1002 2607 1051 2692 οἷς
1072 2614 1148 2698 ἀγα-

138 2729 305 2786 νακτοῦσα
337 2718 392 2786 καὶ
425 2721 596 2808 ἀφόρητον
623 2720 792 2806 ἡγουμένη
819 2723 882 2806 τήν
910 2722 1012 2808 ύβριν
1040 2721 1148 2802 ἐπειδή

37 2875 40 2881 ·
137 2828 220 2912 πρὸς
242 2828 301 2892 τὸν
323 2826 448 2914 πατέρα
470 2826 526 2894 καὶ
548 2831 627 2906 τοὺς
650 2830 771 2906 ἀλλους
790 2839 963 2912 συγγενεῖς
980 2830 1039 2906 τάς
1055 2850 1148 2892 κατα-

101 2935 282 3020 εεσχούσας
310 2933 416 3018 αὐτήν
443 2933 588 3018 ἀνάγκας
616 2935 770 3019 διεξῆλθε
786 2936 922 3011 -πολλάς
945 2933 1191 3020 ποιησαμένη833

139 3043 264 3126 διήσεις
291 3039 347 3107 καὶ
376 3041 471 3128 ἀράς,
499 3042 555 3106 ἵνα
582 3040 721 3129 τιμωροὶ
747 3049 818 3120 τοῖς
839 3052 953 3119 κακοῖς
978 3042 1077 3126 αὐτῆς
1095 3037 1148 3122 γε’-

139 3172 253 3214 νοιντο
285 3146 341 3212 καὶ
372 3149 409 3212 τὸ
441 3149 668 3233 κεκρυμμένον
699 3149 764 3214 ὑπὸ
797 3159 867 3225 τοῖς
894 3151 1032 3226 κόλποις
1058 3147 1149 3232 ξίφος

213 3335 365 3406 3ἀκριβοῖ
378 3337 400 3390 Β
437 3338 558 3410 ἀκριβῶς
577 3338 721 3407 διεξήλασε
740 3340 766 3394 R
839 3346 869 3394 11
890 3339 1046 3414 <αύτη>Β
1113 3344 1148 3391 15

144 3401 271 3535 {mel}
337 3412 370 3458 19
389 3405 531 3478 τ<ό>τ’Β
613 3413 647 3462 26
666 3409 792 3479 ἀνάγκας
810 3410 984 3490 διεξῆλθεΒ
1022 3411 1149 3476 <meme
