2400 3912
462 229 626 278 -Δ-
1013 224 1055 289 τε

53 392 106 474 τήν
131 390 247 476 άρχήν,
279 389 341 456 οὐκ
369 395 459 456 είασε
486 398 554 454 τῶν
581 390 733 473 νομίμων
762 387 864 456 οὐθὲν
891 388 980 478 αὐτῷ
1003 411 1056 474 γε-

52 495 173 563 νέσθαι·
209 493 281 564 ἀλλ’
307 496 328 580 ή
360 496 447 580 γυνή
478 503 540 561 τοῦ
572 493 717 560 Τυλλίου
744 496 809 562 σὺν
836 496 963 580 ὀλίγοις
989 493 1056 561 τισὶ

52 615 108 669 τῶν
134 607 257 690 φίλων,
294 605 484 690 Ταρκυνίου
511 601 666 687 θυγάτηρ
694 596 780 668 οὖσα
806 610 868 668 τοῦ
890 600 1057 688 προτέρου

51 708 213 793 βασιλέως,
241 711 361 787 νυκτὸς
388 708 551 794 ἐκκομίζει
578 709 616 772 τὸ
644 719 739 791 σῶμα
762 717 821 792 τῆς
842 710 984 792 πόλεως,
1012 708 1057 786 ὡς
1125 771 1127 778 .

51 827 107 880 τῶν
138 815 362 902 ἐπιτυχόντων
394 816 500 892 τινάς·
535 813 592 880 καὶ
624 815 732 880 πολλὰ
763 810 825 898 μὲν
851 816 912 880 τὸν
939 813 1083 898 ἕαυτήςῡ

51 921 97 987 καί
117 921 246 989 ἐκείνου
269 924 413 1009 δαίμονα
431 920 695 1007 κατοδυραμένη,
719 924 840 1006 μυρίας
856 918 895 987 θέ
913 921 1057 1008 κατάρας

50 1035 87 1115 τῷ
113 1053 146 1095 τε
170 1033 310 1118 γαμβρῷ
333 1027 390 1095 καί
410 1036 451 1114 πή
473 1026 621 1113 θυγατρί
643 1025 897 1114 καταρασαμένη
919 1028 1058 1114 κρύπτει

49 1141 84 1218 γή
109 1137 144 1200 τὸ
173 1146 277 1222 σῶμα.
314 1135 510 1201 ἀπελθοῦσα
539 1132 570 1199 θ’
592 1134 657 1200 άπὸ
685 1143 746 1200 τοῦ
774 1136 919 1220 σήματος
943 1134 1093 1200 οῖκαδεύ

49 1238 95 1304 καὶ
115 1243 196 1327 μίαν
218 1241 346 1328 ἡμέραν
368 1241 574 1325 ἐπιβιώσασα
595 1243 675 1326 μετὰ
693 1241 756 1325 τήν
773 1242 886 1325 ταφήν
903 1249 943 1326 τῇ
962 1243 1057 1306 κατό-

14 1359 100 1412 λεεπιν
117 1347 213 1414 νυκτὶ
233 1349 447 1434 ἀποθνήσκει.
480 1355 540 1413 τοῦ
559 1348 712 1414 θανάτου
727 1343 758 1413 δ’
776 1347 795 1413 ὁ
812 1350 945 1433 τρόπος,
966 1347 1056 1424 ὅστις
1072 1365 1099 1406 10

49 1447 94 1538 ἦν,
114 1455 268 1538 ἠγνοεῖτο
288 1466 359 1532 τοῖς
377 1459 527 1532 πολλοῖς·
551 1456 667 1537 ἔλεγον
687 1450 717 1518 θ’
736 1454 772 1520 οί
787 1450 849 1538 μὲν
867 1453 932 1519 ὑπὸ
951 1454 1058 1536 λύπης

50 1560 229 1649 αὐτοχειρίᾳ
251 1563 288 1627 τὸ
313 1565 371 1645 ζῆν
394 1558 583 1646 προεμένην
607 1560 712 1644 αὐτήν.
736 1559 936 1626 ἀποθανεῖν·
965 1561 1000 1624 οί
1022 1555 1054 1624 θ’

50 1664 104 1732 ὑπὸ
130 1677 191 1733 τοῦ
218 1670 373 1753 γαμβροῦ
398 1664 456 1731 καὶ
482 1674 540 1750 τῆς
561 1667 734 1752 θυγατρὸς
757 1665 978 1752 άναιρεθήναι
1000 1674 1058 1749 τῆς

51 1773 89 1849 είς
104 1775 163 1839 τὸν
180 1775 290 1859 ἄνδρα
309 1775 518 1859 συμπαθείας
534 1794 571 1838 τε
589 1770 646 1838 καὶ
665 1773 798 1850 εὐνοίας
812 1771 918 1839 ἕνεκα.
949 1781 1058 1857 ταφῆς

51 1875 102 1962 μὲν
125 1874 186 1946 οὖν
205 1884 378 1965 βασιλικῆς
396 1876 452 1945 καὶ
470 1881 642 1964 μνήματος
660 1878 845 1963 ἐπιφανοῦς
863 1879 919 1943 διὰ
937 1880 1058 1956 ταύτας
1072 1897 1099 1938 15

50 1986 98 2062 τάς
124 1987 230 2064 αίτίας
258 1987 320 2052 ούκ
347 1984 514 2069 ἐξεγένετο
541 1995 655 2070 τυχεῖν
677 1993 723 2072 τῷ
751 1987 897 2050 Τυλλίου
920 1986 1057 2069 σάματι,

52 2095 170 2178 μνήμης
193 2090 225 2158 θ’
247 2094 389 2159 αίωνίου
410 2102 480 2170 τοῖς
504 2093 615 2178 έργοις
638 2091 743 2156 αὐτοῦ
764 2092 854 2177 παρὰ
872 2092 980 2157 πάντα
997 2092 1057 2156 τὸν

51 2201 162 2284 χρόνον
190 2199 332 2286 ὑπάρχει
361 2198 550 2284 τυγχάνειν.
596 2197 743 2281 ἐδήλωσε
772 2195 813 2262 δέ
836 2220 869 2261 τι
895 2195 951 2262 καί
974 2198 1090 2263 άλλοί

52 2305 217 2390 δαιμόνιον
235 2307 356 2391 ’ἐργον,
385 2305 438 2371 ὅτι
451 2304 624 2390 θεοφιλής
645 2299 689 2386 ἦν
713 2303 813 2389 ἁνήρ,
838 2301 871 2380 έξ
894 2298 936 2369 ού
958 2301 1014 2368 καὶ
1036 2302 1057 2386 ἡ

51 2411 190 2497 περὶτῆς
208 2410 370 2494 γενέσεως
389 2411 494 2477 αὐτοῦ
513 2411 640 2496 μυθική
659 2407 714 2474 καί
731 2411 867 2486 άπιστος
880 2408 1057 2493 ὑπόληψις,
1071 2427 1099 2468 εο

53 2515 149 2603 ὥσπερ
176 2520 309 2604 εἴρηταί
322 2585 324 2589 ,
331 2541 390 2602 μοι
418 2519 597 2604 πρότερον,
626 2516 756 2601 ἀληθής
781 2510 868 2581 εἶναι
889 2515 955 2582 ὑπὸ
978 2519 1058 2580 πολ-

53 2627 110 2689 λῶν
131 2624 322 2708 ἐπιστεύθη.
359 2622 397 2690 ἐν
419 2625 484 2709 γάρ
507 2632 553 2711 τῷ
576 2630 647 2711 ναῷ
671 2631 730 2707 τής
756 2624 874 2707 Τύχης,
899 2621 940 2688 ὃν
958 2621 1058 2699 αὐτὸς
1184 2649 1185 2684 ο

53 2731 291 2814 κατεσκεύασεν,
315 2731 414 2796 είκὼν
437 2730 542 2796 αύτοῦ
563 2727 698 2815 κειμένη
719 2727 834 2812 ξυλίνη
852 2729 1059 2814 κατάχρυσος
1184 2713 1185 2784 Ῑ

54 2835 232 2924 ἐμπρήσεως
248 2835 433 2923 γενομένης
450 2835 506 2903 καὶ
524 2847 592 2902 τῶν
611 2837 722 2902 ἄλλων
739 2835 896 2902 ἁπάντων
911 2837 1058 2919 θιαφθα-
1184 2879 1185 2906 η

54 2942 165 3028 ρέντων
188 2946 275 3032 μόνη
299 2943 465 3030 διέμεινεν
489 2940 591 3009 οὐδὲν
614 2945 806 3027 λωβηθεῖσα
830 2942 895 3008 ὑπὸ
918 2951 979 3007 τοῦ
996 2963 1056 3007 πυ-
1071 2957 1098 2999 25
1184 2963 1185 2970 ¹

55 3053 110 3133 ρύς.
143 3051 199 3118 καὶ
227 3053 275 3117 ἔτι
302 3059 367 3118 νῦν
392 3050 409 3116 ὁ
433 3047 494 3137 μέν
517 3050 601 3126 νεὼς
623 3046 680 3115 καὶ
702 3049 742 3113 τὰ
765 3048 803 3114 έν
826 3035 915 3136 Um?
938 3048 1057 3130 πάντα,

116 3286 130 3334 2
149 3281 199 3337 οῦν
218 3279 322 3350 ὀλίγοις
340 3279 395 3334 τισὶ
413 3286 469 3335 τῶν
484 3280 574 3349 φίλων
588 3279 654 3348 post
669 3273 801 3350 βασιλέως
815 3273 982 3330 collocanda
996 3291 1058 3330 esse

56 3353 138 3405 εεωεετ
155 3351 286 3406 Schnelle
305 3351 401 3406 Exere.
421 3349 482 3406 crit.
501 3367 529 3420 p.
546 3355 580 3404 35
654 3355 670 3403 6
688 3345 900 3418 κατοδυραμένη
920 3346 942 3400 Ο
974 3366 1059 3402 κατο-
1184 3393 1185 3404 .

55 3420 184 3494 &mma
199 3422 290 3477 Cobet
309 3421 374 3477 Obs.
415 3427 475 3478 ,86
533 3417 771 3493 9κατύπ<ι>νΒ
836 3425 868 3474 19
888 3416 923 3473 *ὁ
942 3417 1058 3488 άνὴρΑ
1184 3411 1185 3450 3

55 3491 154 3563 ἇνήρΒ
218 3501 253 3549 20
272 3491 361 3562 ύπύλη
408 3492 495 3564 ι>ςΒ
