2400 3912
466 207 631 256 -Ε-
993 203 1056 268 153

57 365 185 453 ἀδελφοὶ
216 376 273 452 τῆς
305 366 386 452 έμῖγς
413 365 468 432 καλ
500 368 596 432 ἄλλοι
628 362 717 442 τινὲς
743 367 810 451 ἀμα
837 368 968 444 τούτοις
996 368 1058 434 οὐκ

56 475 193 559 ἀφανεῖς,
212 477 385 558 συνθήκας
403 473 601 562 ε’ποιῄσαντο
620 474 704 559 πρὸς
723 472 886 557 ἀλλήλους
905 471 960 540 καλ
978 491 1058 540 συν-

55 583 178 664 ώμοσαν
206 581 458 658 ἀποκτείναντες
485 577 542 666 ἐμὲ
568 590 768 664 καταγαγεῖν
794 581 983 664 Ταρκύνιον
1005 579 1059 647 ἐπὶ

54 689 106 771 τὴν
127 686 245 773 ἀρχήν·
272 686 445 764 ἐπιστολάς
463 710 497 752 τε
516 683 591 773 περὶ
609 687 738 752 τούτων
756 687 943 772 γράψαντες
962 688 1059 752 αύτο-

54 795 194 879 γράφους
221 791 276 862 καλ
303 805 376 872 ταῖς
405 792 532 860 ἑαυτῶν
560 805 721 879 σφραγῖσι
748 795 1086 879 κατασημηνάμενοι5

53 899 181 985 πέμπειν
199 902 284 983 πρὸς
301 904 380 978 τοὺς
398 900 552 985 φυγάδας
571 903 717 985 ἔμελλον.
754 895 852 966 ταῦθ’
869 901 949 985 ἡμῖν
967 901 1095 966 θεῶν4

53 1031 132 1085 τινος
154 1007 271 1095 εὐνοίᾳ
295 1016 468 1092 καταφανῆ
492 1007 631 1090 γέγονεν
654 1007 719 1074 ὑπὸ
742 1009 842 1072 τοῦδε
865 1004 1059 1092 μηνυθέντα

16 1122 104 1178 κιττοῦ
125 1113 263 1200 ἀνδρός·
300 1117 370 1180 ἔστι
394 1111 428 1178 δ’
448 1111 629 1180 Ἀκυλλίων
649 1116 780 1197 δοῦλος,
800 1109 878 1200 παρ’
896 1106 945 1191 οἷς
963 1137 1060 1180 κατα-

52 1223 179 1304 γόμενοι
202 1230 242 1308 τῇ
265 1221 482 1306 παρελθούσῃ
507 1219 604 1287 νυκτὶ
626 1223 685 1299 τάς
703 1220 877 1298 ἐπιστολάς
895 1223 1058 1307 ἔγραψαν·

52 1325 182 1393 καὶτῶν
200 1323 403 1420 γραμμάτων
417 1329 602 1412 γεγόναμεν
622 1327 732 1393 αὐτῶν
752 1326 927 1412 ἐγκρατεῖς.
959 1331 1059 1394 Τῖτον
1075 1342 1100 1383 1⁰

54 1430 105 1517 μὲν
123 1429 189 1500 Ιοὖν
213 1434 278 1518 ἐγὼ
301 1432 357 1500 καὶ
381 1433 536 1519 Τιβέριον
559 1437 638 1511 τοὺς
661 1432 761 1519 ἐμοὺς
783 1434 904 1510 παῖδας
926 1434 1060 1518 τετιμώ-

55 1562 160 1625 ρημαι·
182 1539 238 1606 καλ
262 1538 364 1606 οὐδέν
386 1541 603 1607 καταλέλυται
627 1541 683 1605 διά
700 1540 762 1624 τὴν
781 1538 864 1624 ἐμὴν
884 1539 1060 1604 ἐπιείκειαν

56 1647 120 1714 ούτε
156 1650 260 1733 νόμος
296 1642 374 1712 οὔθ’
409 1648 520 1733 ὅρκος·
562 1644 755 1724 Ἀκυλλίους
787 1642 825 1711 δὲ
856 1648 1061 1722 Κολλατῖνος

55 1753 237 1838 ἀφαιρεῖταί
256 1779 322 1839 μου
344 1757 403 1840 καί
423 1769 529 1839 φησιν
552 1752 613 1818 ούκ
636 1753 747 1818 έάσειν
766 1753 863 1838 ὅμοια
882 1761 952 1829 τοῖς
971 1752 1061 1837 ἐμοῖς

54 1859 138 1926 παισὶ
160 1861 407 1944 βουλεύσαντας
429 1871 497 1926 τῶν
518 1859 644 1944 ὁμοίων
663 1859 801 1934 ἐκείνοις
819 1869 940 1942 τυχεῖν.
978 1861 1009 1924 εί
1026 1857 1056 1924 δ’
1075 1837 1100 1952 155

55 1961 139 2031 οὗτοι
167 1968 332 2052 μηδεμίαν
359 1965 522 2051 ὑφέξουσι
546 1967 643 2048 δίκην
650 2015 659 2048 ,
689 1961 770 2031 οὐδὲ
791 1967 871 2042 τοὺς
893 1965 1061 2050 ἀδελφοὺς

54 2081 103 2155 τῆς
134 2072 212 2157 ἐμῆς
244 2074 402 2156 γυναικὸς
435 2069 514 2138 οὐδὲ
545 2074 625 2148 τοὺς
656 2073 779 2148 ἀλλους
810 2073 976 2158 προδότας
1005 2083 1061 2158 τῆς

53 2181 203 2264 πατρίδος
226 2177 352 2259 ἐξέσται
376 2203 432 2263 μοι
450 2178 598 2245 κολάσαι.
634 2181 670 2242 τί
684 2179 748 2262 γάρ
768 2179 809 2261 δὴ
829 2179 960 2244 δίκαιον
978 2181 1061 2264 πρὸς

54 2285 249 2364 αὐτοὺςέξω
272 2283 393 2369 λέγειν,
418 2283 460 2350 ἀν
482 2286 623 2362 τούτους
646 2284 735 2369 ἀφεῖς
760 2288 851 2361 τίνος
874 2281 937 2350 οὖν
958 2295 1062 2351 ταῦτα

56 2395 220 2477 μηνύματα
237 2395 392 2468 τίθεσθε;
416 2394 537 2476 πότερα
556 2401 613 2474 τῆς
631 2391 714 2476 πρὸς
732 2392 793 2474 τὴν
812 2394 910 2457 πόλιν
929 2391 1061 2468 εύνοίας
1075 2409 1102 2448 2⁰

54 2497 72 2581 ἣ
96 2509 160 2564 τῶν
190 2500 274 2585 πρὸς
287 2513 288 2518 ’
301 2501 380 2576 τοὺς
406 2498 594 2584 τυράννους
623 2498 826 2581 διαλλαγῶν,
857 2497 913 2564 καὶ
939 2500 1061 2583 πότερα

56 2613 105 2688 τῆς
127 2605 341 2691 ἐμπεδώσεως
363 2615 432 2670 τῶν
455 2605 581 2691 ὅρκων,
605 2603 664 2681 οὓς
687 2602 745 2689 ἀφ’
768 2605 863 2689 ἡμῶν
885 2605 1062 2692 ἀρξάμενοι

56 2713 164 2790 πάντες
192 2713 358 2797 ὠμόσατε,
385 2710 406 2795 ἦ
433 2720 492 2794 τῆς
519 2712 711 2795 συγχύσεως
736 2733 772 2776 τε
800 2709 856 2776 καλ
880 2712 1060 2796 ἐπιορκίας;

57 2817 103 2882 καὶ
125 2821 152 2884 εί
172 2816 234 2904 μὲν
257 2821 380 2883 ἔλαθεν
403 2816 503 2901 ἡμᾶς,
526 2828 598 2893 ταῖς
621 2815 716 2900 ἀραῖς
739 2818 855 2901 ἔνοχος
877 2812 920 2900 ἦν
943 2816 985 2883 ἀν
1007 2816 1097 2883 καὶὸ

58 2929 139 3003 θεοῖς
160 2924 319 3010 ὑπέσχεν,
343 2923 403 3000 οὓς
426 2923 593 3009 ἐπιώρκει,
619 2923 726 2998 δίκας·
768 2923 881 3007 ἐπειδὴ
906 2920 943 2988 δὲ
964 2948 1061 2990 κατα-
1076 2941 1102 2982 2⁵

60 3033 154 3116 φανὴς
177 3031 327 3116 γέγονεν,
353 3027 412 3115 ὑφ’
429 3029 523 3114 ἡμῶν
545 3029 648 3095 αὐτὸν
666 3033 825 3115 προσήκει
843 3035 1061 3116 κολασθῆναι,

119 3195 134 3244 8
153 3186 341 3260 συναγόμενοι
365 3204 387 3241 c.
412 3186 536 3241 Reudler
553 3186 644 3241 Tiroe.
663 3204 691 3256 p.
707 3193 740 3241 39
815 3191 847 3240 10
867 3187 961 3241 αὐτῶν
983 3185 1063 3258 γεγό-
1183 3215 1184 3226 ¹

59 3277 136 3328 ναμεν
155 3260 177 3315 0
195 3262 311 3331 praeter
328 3259 351 3312 Β
368 3261 372 3330 Ι
389 3255 440 3327 μὲν
460 3254 511 3313 οὖν
529 3257 579 3312 καλ
600 3257 730 3330 Τιβέριον
750 3253 803 3328 ἐγὼ
821 3257 849 3311 Β
902 3265 934 3312 16
954 3257 1062 3313 ούτε-
1183 3247 1184 3300 3

59 3329 113 3384 οὔτε
130 3348 153 3385 ο.
173 3330 298 3386 Sintenis
316 3331 377 3384 Em.
396 3328 478 3384 Dion.
497 3329 524 3382 Π
544 3334 576 3384 17
642 3334 674 3382 18
694 3331 807 3384 δίκαιον
825 3327 848 3380 Β
886 3327 1063 3399 δικαιότερον

59 3399 80 3451 R
127 3409 160 3458 20
177 3401 340 3472 ἡγεῖσθεΑ
376 3400 556 3455 πείθεσθεΒ
592 3402 711 3454 τίθεσθε
730 3399 776 3454 vel
794 3403 924 3455 ποιεῖσθε
939 3400 1062 3454 Sintem's

60 3469 111 3526 Em.
128 3472 208 3528 Dion.
226 3473 254 3526 Π
274 3477 306 3527 17
380 3477 415 3525 24
433 3470 482 3525 καλ
502 3472 567 3524 ante
587 3469 615 3524 εί
631 3469 727 3526 om.B
801 3476 834 3524 26
854 3471 947 3524 αὐτῶν
966 3471 1011 3524 Ba
