2384 3902
376 217 620 306 ,-ι-
982 215 1047 280 255

37 355 204 462 σβυτίρων
227 373 282 442 καὶ
302 377 530 461 καταχωρίσας
548 377 595 453 είς
613 378 744 460 λόχους,
769 375 912 462 διένειμε
930 379 1048 457 πεζούς

36 505 67 546 τε
92 479 148 548 καλ
177 482 286 560 ἱππεῖς
314 483 362 559 είς
383 479 540 566 τέτταρας
562 485 695 566 μοίρας·
728 477 776 548 ὧν
799 487 879 567 μίαν
901 480 963 569 μὲν
984 486 1046 568 τήν

36 584 209 674 κρατίστην
231 586 309 675 περὶ
332 588 435 654 αὑτὸν
454 582 553 672 εἶχεν,
577 586 613 654 ἐκ
632 585 669 654 δὲ
687 599 755 655 τῶν
772 589 1045 674 ὑπολειπομένων

35 698 191 760 Κλοίλιον
219 693 371 760 ἐκέλευσε
397 695 458 759 τὸν
483 695 678 760 συνύπατον
700 695 744 779 ἣν
767 697 866 774 αὐτὸς
889 695 1044 780 ἐβούλετο

34 805 152 884 λαβεῖν,
177 802 240 885 τήν
264 797 302 866 δὲ
319 803 436 885 τρίτην
452 802 604 884 Σπόριον
618 800 771 866 Κάσσιον
789 802 848 867 τὸν
867 802 1071 888 ίππάρχην,σ

34 907 89 990 τήν
111 903 165 990 δὲ,
171 903 458 991 καταλειπομένην
477 906 536 971 τὸν
551 905 701 990 ἀδελφὸν
715 909 867 992 Σπόριον
881 908 1043 992 Λάρκιον·
1055 989 1059 998 .

34 1014 110 1096 αὕτη
138 1019 306 1100 φρουρεῖν
333 1013 396 1096 τήν
418 1014 517 1078 πόλιν
540 1010 664 1096 ἐτάχθη
688 1015 753 1078 σύν
775 1024 845 1090 τοῖς
866 1013 1044 1100 πρεσβυτί-

34 1142 99 1202 ροις
121 1119 217 1196 ἐντὸς
240 1123 370 1204 τείχους
393 1113 548 1204 μένουσα.

91 1225 240 1291 LXXVI.
269 1221 328 1302 Ὡς
351 1220 381 1290 θ’
402 1220 446 1308 ήν
465 1223 554 1310 αὐτῷ
573 1225 681 1290 πάντα
698 1225 739 1289 τά
757 1225 804 1301 είς
821 1225 880 1290 τὸν
897 1227 1044 1310 πόλεμον

38 1329 202 1416 ἐπιτήδεια
230 1332 387 1417 εὐτρεπῆ,
415 1332 584 1416 προήγαγε
610 1331 668 1406 τὰς
696 1330 855 1413 δυνάμεις
878 1332 924 1407 είς
946 1332 1043 1397 ύπαι-
1058 1354 1084 1394 10

32 1443 127 1522 θρον,
158 1435 217 1504 καὶ
239 1442 369 1504 τίθεται
393 1437 599 1519 στρατόπεδα
621 1438 697 1522 τρία
719 1435 798 1502 καθ’
821 1435 880 1513 οὓς
902 1437 1043 1521 μάλιστα

32 1543 238 1630 ὑπελάμβανε
274 1547 400 1619 τόπους
434 1544 637 1625 ποιήσεσθαι
672 1544 751 1619 τοὺς
783 1545 950 1620 Λατίνους
980 1544 1043 1627 τήν

32 1651 160 1732 ἔφοδον.
209 1649 463 1735 ἐνθυμούμενος
494 1644 540 1731 θ’,
566 1648 617 1713 ὅτι
644 1650 822 1733 φρονίμων
849 1659 1043 1734 στρατηγῶν

32 1755 129 1840 ἐστιν,
160 1757 205 1821 ού
233 1758 340 1840 μόνον
367 1756 408 1820 τά
430 1752 559 1820 ἑαυτῶν
580 1754 756 1840 πράγματα
779 1765 889 1820 ποιεῖν
912 1758 1042 1842 ἰσχυρά,

33 1859 106 1927 ἀλλὰ
132 1861 191 1930 καὶ
218 1863 259 1928 τά
281 1872 350 1927 τῶν
371 1864 541 1944 πολεμίων
563 1858 707 1944 ἀσθενή,
739 1858 794 1926 καὶ
817 1862 958 1944 μάλιστα
981 1859 1042 1946 μὲν
1056 1884 1082 1925 ιτ

34 1967 106 2033 άνευ
129 1968 238 2054 μάχης
260 1961 316 2033 καὶ
338 1969 447 2033 πόνου
469 1967 695 2052 καταλύεσθαι
716 1968 796 2044 τοὺς
813 1965 990 2052 πολέμους,
1013 1972 1044 2035 εί

34 2069 65 2138 δὲ
87 2078 130 2159 μή
154 2098 194 2159 γε
218 2076 282 2140 σὺν
306 2072 458 2158 ἐλαχίστη
477 2081 539 2137 τοῦ
557 2081 795 2157 στρατιωτικοῦ
812 2076 966 2157 πλήθους
984 2076 1042 2140 θα-

8 2180 127 2265 ωπάνή,
155 2179 313 2265 πολέμων
339 2175 378 2246 θ’
398 2179 555 2245 ἁπάντων
582 2182 758 2256 κακίστους
781 2178 964 2263 ἡγούμενος
986 2179 1041 2246 καὶ

32 2291 160 2352 πλεῖστα
189 2288 231 2352 τά
258 2288 391 2371 λυπηρά
419 2287 570 2370 ἔχοντας,
600 2284 658 2362 οὓς
685 2287 769 2370 πρὸς
791 2295 964 2370 συγγενελς
985 2285 1041 2353 καλ
1114 2285 1152 2340 L·

33 2396 145 2474 φίλους
163 2393 429 2476 ἀναγκαζόμενοί
439 2414 527 2468 τινες
541 2390 768 2477 ἀναιροῦνται,
792 2391 1040 2478 ἐπιεικεστέρων
1055 2414 1081 2454 το

33 2504 150 2579 μᾶλλον
184 2499 205 2583 ή
238 2495 456 2582 δικαιοτέρων
489 2496 572 2585 ςόετο
603 2499 676 2563 θεῖν
703 2497 817 2577 αὐτούς
845 2499 1052 2566 θιαλύσεων.’

32 2605 135 2689 κρύφα
164 2627 200 2670 τε
229 2605 271 2688 δή
298 2602 437 2688 πέμπων
460 2604 544 2689 πρὸς
565 2604 645 2681 τοὺς
668 2603 951 2689 ἐπιφανεστάτους
972 2611 1076 2675 τῶν2

32 2713 180 2778 Λατίνων
216 2710 430 2786 ἀνυπόπτους
466 2710 560 2786 τινάς
590 2711 703 2776 ἔπειθε
737 2714 854 2796 φιλίαν
884 2712 1040 2800 πράττειν

32 2825 93 2892 ταῖς
114 2819 250 2901 πόλεσι,
273 2814 329 2882 καὶ
352 2816 389 2882 ἐκ
411 2824 473 2881 τοῦ
495 2824 647 2902 φανεροῦ
668 2820 935 2904 πρεσβευόμενος
957 2822 1040 2887 κατὰ
1132 2851 1136 2856 ·

31 2925 132 3002 πόλεις
155 2947 190 2989 τε
214 2921 269 2988 καὶ
292 2924 375 3007 πρὸς
398 2923 436 2988 τὸ
459 2923 576 2988 κοινὸν
600 2922 641 2989 οὐ
660 2928 809 3008 χαλεπῶς
827 2925 1038 3011 ἐξειργάσατο
1052 2945 1078 2988 τε

31 3027 135 3110 μηκέτι
162 3031 225 3113 τήν
252 3030 358 3113 αὐτήν
381 3029 528 3105 ἅπαντας
550 3029 658 3114 ὁρμήν
680 3032 769 3114 ἔχειν
791 3033 875 3113 πρὸς
896 3033 957 3098 τὸν
979 3036 1038 3100 πό-

30 3137 134 3216 λεμον·
167 3137 310 3221 μάλιστα
334 3132 365 3199 θ’
388 3135 510 3212 αὐτοὺς
529 3134 767 3221 ἐξεθεράπευσε
787 3135 842 3202 καλ
862 3139 1037 3224 όιαστήναι

31 3243 102 3325 πρὸς
129 3245 208 3320 τοὺς
231 3242 397 3326 ἡγεμόνας
423 3241 557 3324 ἐποίησε
580 3243 636 3306 διὰ
658 3243 814 3326 τοιαύτης
837 3245 1036 3330 εὐεργεσίας.

93 3406 125 3454 14
144 3400 180 3470 μὴ
200 3399 288 3470 μόνον
306 3399 330 3452 Β
404 3404 436 3454 17
456 3396 583 3469 δαπάνη]
598 3397 724 3469 δρεπάνη
743 3399 769 3452 Α
843 3407 876 3456 18
894 3421 924 3456 τε
943 3399 1036 3457 ἁπάν-

32 3469 117 3524 τωνΟ
191 3479 223 3526 19
242 3471 277 3526 τά
297 3469 392 3526 om.P
466 3475 499 3524 22
518 3477 574 3524 τῶν
594 3469 700 3523 add.B
