2400 3912
121 217 163 282 86
548 220 714 270 -Δ-

122 379 206 464 ίερά,
228 376 285 443 καί
307 389 440 465 μοῖραν,
463 379 506 463 ἣν
531 377 673 464 ἑκάστην
692 381 804 464 δεήσει
823 378 1017 464 λαμβάνειν.
1049 377 1083 443 αί
1095 377 1123 444 δὲ

120 493 343 571 μετασχοῦσαι
361 495 418 570 τῆς
436 484 551 573 ἑορτῆς
570 509 605 551 τε
623 483 680 551 καὶ
696 494 755 570 τῆς
772 487 898 562 θυσίας
911 488 1025 562 πόλεις
1038 496 1123 571 τριύν

86 589 260 657 3δέουσαι
286 595 492 677 πεντήκοντα
520 591 687 677 ἐγένοντο.
731 592 854 668 ταύτας
882 592 941 668 τάς
968 589 1081 678 ἑορτάς
1098 615 1125 658 τε

119 695 176 763 καί
202 699 261 775 τὰς
287 700 411 776 θυσίας
438 696 533 785 μέχρι
561 707 630 763 τῶν
657 696 736 763 καθ’
762 697 849 783 ἡμᾶς
876 700 1010 785 χρόνων
1038 697 1126 764 ἐπιτε-

93 809 218 870 τλοῦσι
241 801 395 889 Ῥωμαῖοι
418 807 565 882 Λατίνας
593 810 788 888 καλοῦντες,
816 802 873 871 καὶ
899 804 1066 892 φέρουσιν
1091 807 1126 882 είς

121 910 222 988 αὐτάς
251 912 289 976 αί
314 911 510 996 μετέχουσαι
533 923 600 977 τῶν
624 912 724 998 ἱερῶν
747 913 860 988 πόλεις
882 911 921 977 αί
941 908 1004 997 μὲν
1028 913 1126 997 άρνας,

121 1017 159 1081 αί
180 1013 218 1082 δέ
240 1019 372 1102 τυρούς,
397 1019 434 1083 αί
455 1014 493 1083 δέ
515 1018 677 1102 γάλακτός
699 1040 732 1082 τι
755 1014 889 1102 μέτρον,
913 1017 952 1082 αί
968 1014 1006 1083 δέ
1025 1019 1128 1102 ὅμοιόν

120 1146 153 1186 τι
180 1124 311 1200 τούτοις
344 1124 505 1208 [πελάνου
533 1123 658 1208 γένος]·
696 1122 772 1201 ἑνὸς
800 1120 837 1189 δὲ
864 1123 993 1210 ταύρου
1020 1134 1128 1201 κοινῶς

121 1229 187 1293 ὑπὸ
223 1239 340 1294 πασῶν
375 1228 551 1314 θυομένου
584 1229 684 1315 μέρος
716 1229 835 1314 ἑκάστη
868 1231 906 1296 τὸ
938 1228 1160 1316 τεταγμένονιεο
1186 1295 1187 1316 χ

82 1355 108 1393 ιο
121 1335 291 1418 λαμβάνει.
337 1336 463 1400 θύουσι
492 1333 525 1400 δ’
552 1332 636 1422 ὑπὲρ
664 1335 822 1402 ἁπάντων
848 1334 904 1402 καὶ
931 1337 996 1420 τήν
1023 1336 1129 1421 ήγεμο-

120 1443 198 1505 νίαν
221 1450 289 1505 τῶν
312 1441 413 1526 ίερῶν
436 1444 550 1527 ἔχουσι
568 1438 731 1527 Ῥωμαῖοι.

187 1547 222 1613 L.
251 1543 307 1624 Ὡς
332 1544 370 1612 δέ
392 1546 448 1612 καὶ
470 1550 605 1626 ταύταις
628 1548 829 1635 ἐκρατύνατο
853 1550 916 1633 τήν
939 1548 1047 1636 άρχήν
1068 1559 1129 1627 ταῖς

121 1657 335 1738 συμμαχίαις,
363 1656 506 1739 στρατὸν
533 1654 662 1738 ἐξάγειν
686 1653 740 1721 ἐπὶ
762 1659 936 1739 Σαβίνους
959 1658 1047 1740 ἐγνω
1064 1652 1129 1721 Ῥιν-

121 1761 229 1842 μαίων
260 1755 290 1823 τ’
315 1761 426 1826 αὐτῶν
456 1760 606 1840 ἐπιλέξας
636 1761 695 1839 οὓς
721 1763 839 1846 ἥκιστα
867 1760 1077 1846 ὑπώπτευεν,
1106 1763 1131 1826 εί

82 1884 107 1924 15
121 1865 233 1950 κύριοι
247 1877 315 1932 τῶν
329 1868 442 1933 ὅπλων
456 1868 622 1952 γένοιντο,
640 1868 833 1954 ἐλευθερίας
847 1871 1129 1953 μεταποιήσεσθαι,

121 1970 176 2036 καὶ
194 1973 256 2056 τήν
274 1976 363 2060 παρά
381 1985 448 2040 τῶν
467 1976 650 2060 συμμάχων
669 1973 859 2059 ἀφιγμένην
878 1976 1026 2060 δύναμιν
1038 1990 1130 2059 προσ·
1185 2013 1186 2020 1

87 2081 107 2144 2
122 2080 236 2162 λαβὼν
254 2077 366 2168 πολλῷ
385 2084 524 2147 πλείονα
542 2089 601 2165 τής
614 2085 784 2164 πολιτικῆς
798 2081 1025 2166 ὑπάρχουσαν.
1056 2082 1130 2167 δχίε

122 2200 182 2261 σας
205 2181 237 2249 δ’
260 2185 371 2250 αὐτῶν
394 2188 474 2264 τοὺς
492 2187 616 2272 ἀγροὺς
633 2185 689 2252 καὶ
707 2189 787 2264 τοὺς
807 2187 908 2272 ὁμόσε
926 2191 1131 2275 χωρήσαντας

121 2292 207 2377 μάχῃ
231 2294 369 2376 νικήσας
392 2290 445 2358 ἐπὶ
468 2295 548 2369 τοὺς
569 2291 798 2376 καλουμένους
819 2297 1058 2380 Πωμεντίνους
1078 2290 1131 2377 ήγε

81 2419 108 2457 εο
121 2400 182 2481 τήν
202 2400 357 2482 δύναμιν,
382 2402 417 2463 οδ
431 2401 530 2464 πόλιν
549 2396 611 2484 μὲν
625 2399 783 2465 Σύεσσαν
803 2399 927 2488 ᾤκουν,
946 2397 1130 2484 εὐδαιμονί-

121 2519 235 2569 στατοι
267 2503 297 2570 δ’
326 2504 467 2572 ἐδόκουν
499 2505 656 2571 ἁπάντων
685 2501 772 2572 εἶναι
801 2517 869 2572 τῶν
898 2511 1131 2591 πλήσιοχιιρων

121 2605 177 2672 καὶ
205 2611 260 2674 διὰ
287 2612 348 2695 τήν
375 2614 502 2696 πολλήν
531 2613 688 2698 εύτυχίαν
711 2613 814 2678 άπασι
837 2610 982 2698 λυπηροὶ
1003 2610 1059 2678 καὶ
1080 2614 1131 2695 βα-

122 2725 201 2800 ρείς,
220 2715 368 2798 ἐγκαλῶν
387 2719 500 2796 αὐτοῖς
518 2718 668 2803 ἁρπαγάς
685 2741 780 2796 τινας
797 2715 853 2784 καὶ
871 2723 1035 2804 λῃστείας,
1055 2715 1130 2802 ὑπὲρ

193 2915 208 2962 2
228 2916 277 2978 τῆς
294 2913 398 2973 θυσίας
415 2911 441 2964 R
477 2914 581 2972 θυσίας
599 2910 622 2962 Β
691 2917 707 2965 3
726 2911 814 2974 αύτδις
832 2911 1001 2970 c.,Sintenis
1021 2911 1128 2964 Hermes

120 2980 204 3035 1472
264 2981 349 3044 4τδις
368 2982 464 3035 om.B
532 2980 608 3044 θείς
628 2981 756 3044 αύτδιςΒ
794 2981 834 3044 είς
851 2983 956 3045 ταύτας
974 2982 1000 3036 R
1019 2981 1054 3036 cf.
1074 2980 1129 3036 sin-

122 3052 195 3106 tenis
213 3052 274 3106 Em.
294 3050 376 3106 Dion.
395 3053 422 3105 ΙΙ
441 3059 456 3106 7
533 3058 550 3106 8
569 3052 689 3123 τούτοις]
714 3059 814 3123 φυτοῖς
838 3069 861 3108 ο.
880 3052 1021 3108 ΒύοΙιοΙεε
1037 3059 1041 3120 Ι
1058 3050 1088 3106 αί
1102 3047 1129 3104 δὲ
1183 3055 1184 3060 ’

122 3122 220 3212 ὅμοιόν
233 3144 260 3177 τι
274 3123 384 3214 χούτοις
398 3120 458 3178 οἷον
473 3121 618 3248 ἀκρόδρυα
633 3123 681 3178 καὶ
695 3122 843 3213 πελάνορς.
869 3118 931 3187 ἕνδς
946 3121 978 3178 δέ
994 3142 1017 3212 ρ.
1027 3124 1131 3212 Reiske²

122 3214 202 3319 3322?
218 3212 261 3320 ῗῖι
273 3198 490 3322 είδάθέῧίῗί
506 3195 665 3328 ιῗῖίδῖῗζ
678 3192 918 3320 ίέίτῖγίίίίίίέ
931 3213 1128 3328 τὲίέἔρὲἔίάέ

123 3287 248 3386 ὃίοιύέεὶε
263 3306 383 3389 'Hermen
425 3344 490 3404 4⁷13
509 3337 584 3390 hunc
604 3339 716 3390 secutus
734 3336 821 3390 verba
840 3287 1074 3392 δοίενὶγπελάνου
1091 3333 1130 3404 γε’-

124 3420 181 3466 νος,
201 3403 251 3454 sed
268 3403 341 3456 nihil
358 3406 471 3460 inserui.
545 3413 578 3460 10
596 3405 688 3477 *ὑπὲρ
706 3406 821 3463 πάντων
841 3409 864 3462 Ο
944 3414 976 3464 18
996 3405 1025 3462 δ’
1042 3423 1093 3462 om.
1111 3405 1129 3456 Β

126 3475 161 3523 20
180 3471 325 3525 Σούεοσαν
345 3475 366 3525 0
