2384 3902
138 225 205 292 274
572 227 734 279 *5-

138 390 354 475 χαριοόμενοι
381 398 420 475 τή
448 391 592 476 πατρίδι.
639 389 826 455 ἀποθανεῖν
853 383 915 472 μὲν
942 389 1008 474 γάρ
1037 387 1149 451 ἀπασιν

23 517 27 526 ’
138 497 333 581 ἀνθρώποις
360 498 543 581 ὀφείλεται,
570 507 685 573 κακοῖς
711 518 747 562 τε
774 492 829 561 καὶ
853 495 1010 579 ἀγαθοῖς·
1053 499 1149 569 καλῶς

138 601 176 669 δὲ
198 601 255 669 καὶ
279 602 423 682 ἐνδόξως
445 605 562 689 μόνοις
584 613 654 680 τοῖς
677 602 828 687 ἀγαθοῖς.

205 709 245 775 Χ.
265 709 338 775 Ἔτι
362 707 393 775 δ’
415 710 521 775 αὐτοῦ
543 708 700 793 λέγοντος
722 711 763 773 τά
782 689 830 786 εἰς
846 709 884 774 τὸ
902 717 1065 790 γενναῖον
1083 705 1147 771 ἐπα-

111 818 231 900 5γωγά
258 819 388 904 θάρσος
414 840 446 882 τι
475 818 652 901 δαιμόνιον
680 816 830 900 ἐμπίπτει
856 822 896 899 τῇ
921 821 1078 900 στρατιᾷ,
1102 810 1147 876 καὶ

139 923 249 1007 ὥσπερ
274 922 310 988 ἐκ
332 931 408 1007 μιάς
431 931 539 1007 ψυχῆς
561 923 704 999 ἅπαντες
722 922 910 1005 ἀνεβόησαν
928 921 1009 1005 άμα·
1034 918 1145 1003 Θάρσει

136 1051 172 1094 τε
195 1026 251 1094 καὶ
273 1031 340 1113 ἀγε.
383 1027 438 1094 καὶ
461 1029 480 1094 ὁ
505 1032 695 1114 Ποστόμιος
718 1027 893 1105 ἐπαινέσας
915 1029 954 1093 τὸ
977 1028 1146 1110 πρόθυμον

138 1135 250 1199 αὐτῶν
272 1132 328 1200 καὶ
350 1147 420 1213 τοῖς
443 1141 537 1212 θεοῖς
560 1135 758 1219 εὐξάμενος,
783 1133 841 1200 ἐὰν
864 1129 1001 1218 εὐτυχὲς
1023 1130 1081 1197 καὶ
1101 1155 1145 1195 κα-

138 1241 200 1306 λὸν
231 1239 325 1318 τέλος
353 1240 568 1326 ἀκολουθήσῃ
597 1231 636 1326 τή
664 1240 766 1326 μάχῃ,
798 1246 932 1316 θυσίας’
949 1262 986 1304 τε
1013 1239 1146 1323 μεγάλας

99 1363 125 1404 1⁰
140 1347 204 1413 ἀπὸ
232 1353 366 1413 πολλῶν
393 1347 592 1412 ἐπιτελέσειν
619 1348 798 1433 χρημάτων
825 1344 881 1412 καὶ
904 1345 1039 1430 ἀγῶνας
1061 1368 1145 1410 κατα·

139 1457 322 1539 στήσεσθαι
345 1449 547 1537 πολυτελεῖς,
571 1453 631 1530 οὓς
654 1453 723 1532 άξει
743 1453 760 1519 ὁ
779 1449 949 1538 Ῥωμαίων
970 1453 1074 1536 δῆμος
1092 1451 1145 1516 ἀνά

103 1560 205 1626 2πᾶν
229 1564 311 1643 ἔτος,
336 1559 500 1626 ἀπέλυσεν
521 1558 574 1625 ἐπὶ
592 1562 650 1636 τὰς
668 1559 784 1639 τάξεις.
819 1561 865 1637 ὡς
884 1556 921 1625 δὲ
939 1561 977 1624 τὸ
996 1560 1145 1641 σύνθημα
1187 1571 1188 1602 ¹

138 1667 176 1731 τὸ
199 1668 288 1751 παρά
310 1678 378 1732 τῶν
396 1665 571 1750 ἡγεμόνων
589 1665 781 1751 παρέλαβον
798 1665 853 1732 καὶ
871 1667 912 1732 τά
928 1665 1176 1751 παρακλητικάθὲ

78 1839 81 1846 ,
136 1780 195 1855 τής
217 1773 322 1856 μάχής
344 1773 382 1836 αλ
402 1773 579 1855 σάλπιγγες
602 1772 874 1856 ἐνεκελεύσαντο,
902 1771 1051 1857 ἐχώρουν
1074 1771 1144 1835 ἀλα-

99 1893 124 1933 1⁶
139 1876 295 1954 λάξαντες
323 1877 439 1962 ὁμόσε,
467 1889 601 1963 πρῶτον
630 1876 691 1963 μὲν
720 1880 755 1944 οἱ
780 1883 878 1958 ψιλοί
900 1902 935 1944 τε
963 1877 1018 1945 καὶ
1045 1879 1144 1953 ἱππεῖς

137 1978 196 2067 ἀφ’
218 1982 395 2070 ἑκατέρων,
420 1980 526 2050 ἔπειθ’
549 1987 587 2050 αλ
606 1985 700 2065 πεζαὶ
723 1987 891 2071 φάλαγγες
912 1986 1096 2069 ὁπλισμούς
1114 2008 1144 2048 τε

136 2087 192 2154 καὶ
214 2090 321 2170 τάξεις
367 2090 483 2175 ὁμοίας
505 2094 655 2177 ἔχουσαι·
687 2090 742 2158 καὶ
765 2097 893 2177 γίνεται
916 2092 1050 2158 πάντων
1073 2092 1143 2156 ἀνα-

137 2195 191 2281 μὶξ
229 2195 427 2282 μαχομένων
463 2200 623 2286 καρτερὸς
655 2198 747 2283 ἀγὼν
780 2196 835 2265 καὶ
870 2199 907 2264 ἐν
939 2197 1033 2284 χερσὶ
1062 2207 1142 2263 πάσα

101 2302 158 2387 δή
187 2304 283 2388 μάχη.
330 2304 375 2381 ὡς
402 2301 446 2369 δέ·
466 2308 554 2370 πολὺ
580 2307 619 2370 τὸ
647 2307 840 2390 παράλογον
867 2304 1067 2390 ἀμφοτέροις
1092 2313 1142 2387 τῆς

99 2427 126 2467 20
141 2409 240 2493 δόξης
262 2406 360 2494 <ήν>
394 2410 565 2497 οὐδέτεροι
587 2413 652 2498 γάρ
677 2413 868 2489 ἐλπίσαντες
891 2412 997 2497 μάχής
1020 2414 1142 2496 δεήσειν

137 2519 270 2598 σφίσιν,
299 2516 383 2582 ἀλλά
409 2525 448 2602 τῇ
476 2519 589 2603 πρώτῃ
619 2493 838 2606 ἐφόδφ’τοὺς
864 2521 1045 2603 πολεμίους
1069 2519 1141 2584 ὑπο-

137 2622 296 2703 λαβόντες
318 2625 499 2707 φοβήσειν,
527 2627 669 2690 Λατῖνοι
693 2621 755 2708 μὲν
777 2633 823 2714 τῷ
846 2627 970 2708 πλήθει
993 2633 1049 2710 τῆς
1071 2639 1139 2706 σφε-

135 2727 232 2811 τέρας
259 2727 362 2793 ῗππου
391 2730 641 2813 πιστεύσαντες,
671 2726 711 2814 ής
734 2727 814 2795 οὐδὲ
836 2730 875 2794 τδ
898 2730 1022 2815 ῥόθιον
1044 2729 1138 2820 ᾤοντο

135 2835 215 2909 τοὺς
228 2829 408 2917 Ῥωμαίους
423 2835 530 2912 ἱππεῖς
545 2835 732 2919 ἀνέξεσθαι,
752 2831 907 2921 Ῥωμαῖοι
922 2833 960 2902 δὲ
974 2838 1062 2926 <τῷ>
1075 2840 1137 2900 τολ-

96 2956 122 2998 26
137 2951 248 3026 μήρῶς
270 2937 325 3005 καὶ
349 2941 592 3026 ἀπερισκέπτως
609 2940 662 3007 ἐπὶ
681 2945 721 3008 τά
740 2944 834 3008 δεινά
851 2952 1040 3030 χωροῦντες
1056 2965 1136 3008 κατα-

208 3132 371 3187 1πάσινο
446 3135 656 3205 ’λΠοστοόμιος
674 3135 750 3189 ABb
820 3141 854 3191 10
873 3132 1134 3205 καταστήσασθαιθ

136 3217 204 3253 corr.
234 3202 394 3270 Stephanus
486 3211 518 3257 19
543 3205 579 3268 ὡς
602 3204 633 3259 δὲ
659 3204 681 3258 Ο
718 3199 754 3274 ήν
779 3204 810 3261 δὲ
830 3223 852 3260 ο.
871 3207 1019 3276 Kiessling
1054 3209 1088 3270 ὡς
1105 3201 1127 3258 δὲ

137 3268 221 3336 δόξης
238 3265 274 3336 ἦν
293 3287 316 3324 ο.
337 3272 409 3325 Smit
428 3272 493 3328 Obs.
512 3292 539 3342 p.
555 3281 588 3328 21
677 3283 711 3329 20
730 3277 833 3346 μάχαις
850 3278 981 3346 ποιήσειν
1001 3279 1024 3332 Β
1060 3277 1133 3348 μάχης

138 3335 165 3387 λσ
183 3346 251 3404 υράς
274 3339 386 3406 δεήσειν
412 3359 435 3395 ο.
454 3342 598 3412 Kiessling
689 3352 722 3399 21
742 3347 933 3420 ἀπολαβόντες
951 3349 976 3401 Α
1057 3355 1089 3402 ‘24
1103 3351 1132 3416 τῷ
1184 3371 1185 3382 ’

139 3357 192 3489 defi.
212 3405 300 3459 Cobet
319 3410 384 3462 obs.
403 3428 430 3478 p.
448 3419 495 3465 111
514 3419 659 3492 Ιτολμηριβ
678 3415 728 3469 καὶ
746 3417 941 3488 ἀπερισκέπτω
962 3419 984 3473 Ο
1043 3425 1076 3473 25
1093 3436 1131 3486 χσ·
1184 3405 1185 3450 ³

140 3474 293 3535 ρουντεςΟ
332 3487 466 3546 χωροῦντι
485 3481 589 3536 Re1ske
605 3489 609 3552 Ι
626 3486 862 3554 καταπλήξασθαι
880 3473 933 3542 Βδά
