2394 3912
482 240 642 292 ..ς-

51 398 241 482 άναγκαίον
265 399 379 478 ἔδοξεν
403 395 489 466 εἶναι
511 402 569 478 τδς
592 401 759 488 ἀρχηγοὺς
781 411 839 485 τῆς
862 373 1074 487 διχοστασίας

49 505 242 592 προφάσεις
272 511 404 591 γνῶναί
432 531 467 573 τε
498 504 554 572 καί
585 517 720 573 παῦσαι.
767 507 921 593 εὑρόντες
951 507 988 574 δὲ
1016 512 1074 588 τδς

50 612 245 698 ἀποτόμους
266 623 335 678 τῶν
359 615 503 680 δανείων
521 612 720 700 ἀναπράξεις
737 624 806 678 τῶν
824 616 1002 700 παρόντων
1015 641 1076 682 και

49 729 126 784 κῶν
144 721 251 796 αίτίας
268 722 455 804 γεγονυίας,
479 720 585 797 οὕτως
603 720 705 796 αὐτάς
724 721 966 806 διορθούμεθα.
993 725 1073 801 τοὺς

50 825 253 910 ὀφείλοντας
275 824 355 911 χρέα
376 822 432 890 καλ
451 825 495 910 μη
515 823 725 909 δυναμένους
743 826 969 892 διαλύσασθαι
988 828 1097 894 πάν-ὁ

48 954 113 1008 τας
144 931 305 1015 ἀφεῖσθαι
332 941 400 996 τῶν
424 931 626 1016 ὀφλημάτων
651 934 861 1016 δικαιοῦμεν·
893 932 949 999 καὶ
972 940 1007 999 εί
1023 958 1071 1001 τι-

49 1060 126 1102 νων
148 1039 213 1122 ἤδη
237 1041 277 1104 τά
300 1039 435 1123 σώματα
457 1035 677 1122 ὑπερημέρων
700 1040 811 1103 όντων
828 1049 900 1117 ταῖς
917 1051 1072 1127 νομίμοις

49 1147 276 1229 προθεσμίαις
297 1142 482 1228 κατέχεται,
511 1141 563 1208 καλ
589 1140 680 1208 ταῦτ’
707 1142 869 1227 ἐλεύθερα
893 1141 979 1212 εἶναι
1002 1151 1071 1235 κρί-

49 1270 173 1333 νομεν·
197 1251 271 1316 ὅσοι
289 1273 325 1316 τε
346 1251 453 1327 δίκαις
471 1249 608 1327 ἁλόντες
627 1251 728 1327 ίδίαις
744 1253 985 1337 παρεδόθησαν
1001 1265 1071 1332 τοῖς

49 1354 387 1441 καταδικασαμένοις,
416 1353 471 1421 καὶ
494 1357 635 1433 τούτους
658 1353 859 1441 ἐλευθέρους
882 1352 968 1423 εἶναι
991 1362 1070 1443 βου-
1085 1379 1110 1418 10

16 1465 194 1547 32λόμεθα,
215 1459 271 1527 καὶ
289 1463 347 1540 τὰς
364 1464 587 1546 καταγνώσεις
606 1462 716 1528 αὐτῶν
735 1462 881 1549 ἀκύρους
898 1474 1069 1550 ποιοῦμεν.

49 1567 130 1657 περὶ
158 1565 220 1654 μέν
244 1570 285 1653 δη
309 1579 376 1635 τῶν
400 1568 436 1634 έκ
457 1578 518 1634 τοῦ
542 1571 815 1654 παρεληλυθότος
836 1575 963 1656 χρόνον
986 1572 1104 1658 σύμ-5

49 1678 216 1760 βολαίων,
241 1675 261 1740 δ
283 1677 344 1760 την
369 1674 552 1741 ἀπόστασιν
575 1675 690 1754 ἔδοξεν
713 1675 793 1760 ἡμῖν
817 1686 968 1763 ποιῆσαι,
992 1689 1068 1744 τοῦ·

49 1805 113 1849 τον
137 1781 419 1867 ἐπανορθούμεθα
440 1783 500 1848 τὸν
517 1785 657 1868 τρόπον’
690 1781 767 1869 περὶ
786 1781 823 1848 δέ
841 1796 908 1850 τῶν
926 1786 1069 1872 ὕστερον

49 1887 240 1974 ἐσομένων,
273 1890 317 1967 ὡς
344 1887 386 1954 δν
413 1890 494 1973 ὑμίν
521 1912 556 1954 τε
578 1897 628 1976 τῷ·
653 1891 746 1977 δήμῳ
773 1889 829 1955 καὶ
856 1902 926 1969 τοῖς
949 1891 984 1957 ἐκ
1006 1878 1066 1959 τοῦ
1081 1911 1107 1951 15

49 1997 233 2081 συνεδρίου
260 2004 355 2081 κοινῇ
384 1995 664 2080 βουλευσομένοις
691 2004 798 2081 φανῇ,
825 2000 933 2081 νόμον
962 2023 1068 2085 κυρω-

48 2103 188 2187 θέντος,
216 2103 322 2180 ούτως
348 2101 455 2188 ἐχέτω.
503 2100 578 2187 ούχλ
604 2111 707 2167 ταῦτα
736 2100 848 2186 μέντοι
871 2106 911 2169 τά
935 2106 1068 2190 διαστη-

49 2226 157 2274 σαντα
184 2209 270 2293 ὑμᾶς
296 2205 339 2292 ἦν
368 2209 431 2274 άπὸ
459 2219 527 2274 τῶν
549 2212 746 2291 πατρικίων,
777 2203 804 2273 ὦ
828 2210 983 2295 δημόται,
1012 2210 1067 2277 καλ

48 2316 180 2381 τούτων
208 2318 240 2380 εί
263 2316 394 2400 τύχοιτε
421 2315 571 2400 ἀποχρῆν
597 2315 679 2398 ὑμῖν
707 2313 816 2402 ᾤεσθε
843 2314 898 2380 καὶ
928 2317 1067 2395 οὐδενὸς

49 2423 156 2486 άλλου
184 2419 369 2507 ὠρέγεσθες
401 2423 530 2486 δίδοται
557 2430 622 2486 νῦν
648 2420 745 2505 ὑμῖν·
782 2422 875 2486 άπιτε
904 2423 968 2507 ἤδη
997 2428 1107 2509 χαί-ιο

49 2549 167 2612 ροντες
190 2529 236 2604 είς
258 2529 320 2611 την
343 2529 494 2614 πατρίδα.

117 2633 315 2700 LXXXIIII.
338 2635 387 2700 Αί
403 2630 440 2700 δὲ
458 2635 702 2719 βεβαιώσουσαι
719 2635 779 2711 τὰς
796 2634 976 2720 ὁμολογίας
988 2639 1066 2703 ταύ-

47 2764 107 2818 τας
133 2738 189 2805 καὶ
216 2742 253 2807 τὸ
281 2737 428 2825 ἀσφαλές
454 2741 535 2826 ὑμῖν
559 2741 761 2824 παρέξουσαι
784 2743 910 2818 πίστεις
933 2743 1066 2809 ἔσονται

47 2857 151 2913 πᾶσαι
180 2850 320 2933 νόμιμοί
346 2871 381 2913 τε
408 2845 464 2912 καὶ
492 2847 528 2912 έν
555 2850 627 2913 ἔθει
654 2858 725 2925 τοῖς
752 2845 985 2932 διαλυομένοις
1007 2851 1065 2927 τάς

48 2958 181 3040 ἔχθρας.
227 2953 453 3038 ἐπιψηφιεῖται
481 2950 542 3039 μὲν
569 2953 590 3036 ἡ
618 2956 723 3038 βουλὴ
751 2963 855 3020 ταῦτα
879 2951 934 3020 καὶ
956 2958 1065 3040 νόμου
1078 2973 1104 3015 25

119 3151 136 3200 ὅ
156 3146 363 3219 όφ<εί>λοντες
381 3145 427 3200 Bb
499 3152 514 3199 9
536 3147 630 3208 δίκαις
649 3145 763 3210 ἁλόντες
782 3145 868 3211 ίδίαις
886 3149 933 3202 Bb
971 3149 1064 3213 δίκαις

48 3216 163 3281 ἁλόντες
182 3217 242 3272 ίδία
260 3218 285 3270 Α
322 3219 404 3280 δίκας
422 3215 536 3279 ἁλόντες
555 3214 630 3279 ίδίας
648 3234 671 3272 c.
690 3216 835 3288 Kiessling
899 3226 931 3274 16
951 3221 1064 3292 βουλευ-

48 3287 222 3371 σαμένοιςθ
260 3286 489 3378 βονλειχσομένοις
509 3304 532 3342 c.
552 3286 691 3343 Bficheler
763 3295 796 3344 17
815 3288 911 3358 μέντοι
925 3292 953 3380 Ὀ
990 3289 1064 3362 μόνα

48 3361 214 3500 αμα.
232 3359 534 3501 ..Ῑιαάελα
551 3360 732 3513 άεαεξ
808 3361 1063 3490 ααακλ

47 3503 72 3556 Α
110 3500 131 3557 ἒ.
150 3511 241 3557 πᾶσαι
259 3504 282 3556 Β
319 3500 430 3558 ἔσονται
449 3499 483 3556 αλ
497 3509 568 3556 πᾶσι
586 3519 610 3557 ο.
629 3503 734 3557 Re1ske

848 3592 902 3646 25*
