2400 3912
149 202 213 267 128
576 207 740 254 -Δ-

114 365 276 430 2πολλοῦ
303 387 340 447 γε
368 361 422 428 καλ
451 365 510 428 δεῖ.
557 364 678 429 ἐκείνοι
706 364 820 448 μέντοι
847 363 966 440 πάντες
988 359 1048 446 ὑφ’
1068 362 1145 447 ὑμῶν

151 469 203 536 ἐπὶ
240 472 297 547 τὰς
331 471 527 546 δυναστείας
558 471 748 555 παρήγοντο
781 471 863 535 κατὰ
894 471 974 546 τοὺς
1005 471 1146 554 πατρίους

149 577 311 662 ἐθισμούς
342 573 396 643 καὶ
428 577 564 661 νόμους·
601 585 735 662 πρῶτον
766 572 828 659 μὲν
856 578 1069 660 ψηφίσματος
1094 575 1145 640 ὑπὸ

147 692 205 768 τῆς
227 687 351 767 βουλῆς
369 679 566 768 γραφέντος,
589 672 610 766 ᾖ
629 679 706 764 περὶ
724 681 859 747 πάντων
878 680 1078 748 ἀποδέδοται
1093 692 1146 746 τῶν

119 801 271 856 ικοινῶν
302 789 559 875 προβουλεύειν·
592 790 704 854 ἔπειτα
732 785 981 872 μεσοβασιλέων
1012 788 1146 875 αίρεθέν-

146 920 229 980 των,
263 889 313 973 οἷς
345 893 509 982 ἐπιτρέπει
540 895 578 958 τὸ
611 892 792 980 συνέδρων
820 893 855 959 έκ
882 905 951 960 τῶν
978 893 1079 973 ἀξίων
1102 904 1146 978 τῆς

147 1003 249 1088 ἀρχῆς
273 1003 457 1085 διαγνῶναι
479 1003 539 1067 τὸν
563 1001 843 1084 ἐπιτηδειότατον·
876 1001 957 1086 μετὰ
978 1009 1082 1066 ταῦτα
1099 1010 1146 1082 γη·

147 1131 215 1193 φον
239 1108 475 1192 ἐπενέγκαντος
498 1107 535 1173 έν
559 1106 785 1193 ἀρχαιρεσίαις
806 1115 868 1172 τοῦ
886 1107 1007 1191 δήμου,
1030 1101 1103 1190 μέθ’
1117 1101 1146 1188 ἧς

146 1215 276 1280 ἅπαντα
308 1214 551 1300 ἐπικυροῦσθαι
580 1215 738 1298 βούλεται
768 1216 809 1279 τὰ
836 1212 972 1298 μέγιστα
1001 1212 1019 1277 ὁ
1048 1215 1176 1296 vapos-⁸2⁹

112 1342 138 1382 10
147 1318 200 1405 ἐφ’
226 1321 329 1386 ἀπασι
362 1317 400 1388 δέ
431 1321 562 1396 τούτοις
590 1320 720 1386 οίωνῶν
747 1317 803 1385 καὶ
830 1323 985 1404 σφαγίων
1013 1317 1068 1386 καὶ
1093 1329 1146 1384 τῶν

147 1428 258 1493 ἀλλων
281 1429 427 1512 σημείων
449 1430 560 1490 καλῶν
583 1424 784 1509 γενομένων,
808 1420 857 1490 ὧν
879 1423 981 1510 χωρὶς
1001 1421 1099 1490 οὐδὲν
1115 1423 1146 1488 ἀν

146 1533 277 1616 γένοιτο
300 1542 358 1617 τῆς
376 1533 594 1617 ἀνθρωπίνης
613 1533 761 1615 σπουδῆς
778 1529 834 1596 καὶ
852 1533 1014 1617 προνοίας
1033 1534 1146 1615 ὄφελος.

111 1639 228 1725 3φέρε
252 1641 293 1723 δὴ
317 1641 353 1705 τί
371 1638 499 1704 τούτων
523 1633 597 1704 οίδέ
616 1660 666 1716 τις
689 1637 783 1722 ὑμῶν
805 1640 1000 1722 γενόμενον,
1025 1639 1076 1702 ὅτε
1098 1640 1146 1720 τὴν

148 1744 254 1829 ἀρχὴν
281 1747 466 1829 Ταρκύνιος
493 1742 671 1828 ἐλάμβανες
700 1755 799 1809 ποῖον
822 1745 1057 1829 προβούλευμα
1080 1761 1146 1808 συν-

107 1852 276 1937 ἰεεδρίους
309 1853 385 1915 τίνα
415 1849 662 1934 μεσοβασιλέων
692 1847 889 1932 διάγνωσιν;
923 1852 1025 1916 ποίαν
1052 1851 1147 1934 δήμου

146 1959 381 2042 ύηφοφορίανς
409 1960 527 2034 ποιόυς
551 1957 693 2033 οἰωνοὺς
716 1959 860 2035 αίσίουςς
885 1957 926 2021 οὐ
949 1956 1035 2039 λέγω
1056 1965 1146 2021 ταῦτα

144 2063 263 2146 πάντα,
285 2065 393 2128 καίτοι
412 2062 502 2145 δέον,
522 2064 553 2128 εί
569 2071 654 2146 γοῦν
669 2065 805 2148 ἔμελλεν
818 2061 904 2140 ἕξειν
918 2067 1036 2145 καλῶς,
1054 2058 1146 2148 μηδὲν

144 2179 211 2236 τῶν
241 2169 277 2235 έν
306 2173 378 2236 ἔθει
405 2171 487 2236 κατὰ
514 2172 593 2246 τοὺς
622 2171 747 2254 νόμους
769 2174 1050 2254 παραλελεῖφθαι,
1082 2165 1142 2232 ἀλλ’

145 2277 204 2342 έάν
230 2301 280 2354 τις
307 2278 345 2343 ἓν
358 2319 360 2324 ·
373 2279 479 2361 μόνον
503 2278 559 2361 έχη
581 2277 711 2342 τούτων
734 2275 894 2356 ἐπιδεῖξαι
915 2278 1069 2360 γεγονός,
1094 2273 1147 2339 οὐκ

72 2469 76 2472 -
109 2405 135 2444 νο
145 2383 225 2462 ἀξιῶ
253 2385 293 2448 τὰ
319 2383 591 2468 παραλειφθέντα
619 2393 852 2467 συκοφαντεϊν.
889 2392 959 2459 πῶς
988 2375 1050 2448 οὖν
1076 2402 1146 2462 παρ-

145 2495 251 2572 ῆλθεν
279 2486 332 2553 ἐπὶ
355 2490 415 2572 τὴν
440 2489 654 2567 δυναστειάνς
684 2489 798 2566 ὅπλοις
820 2486 873 2554 καὶ
898 2491 955 2574 βίη
979 2485 1034 2552 καὶ
1057 2508 1147 2567 πονη-

146 2605 215 2674 ρῶν
234 2594 424 2679 ἀνθρώπων
439 2597 674 2680 συνωμοσίαις,
698 2596 742 2672 ὡς
755 2595 934 2680 τυράννοις
947 2597 1038 2678 ἔθος,
1062 2593 1145 2658 ἀκόν-

108 2701 213 2764 4των
245 2699 338 2783 ὑμῶν
370 2697 425 2765 καὶ
458 2701 755 2786 δυσχεραινόντων,
807 2699 904 2786 φέρε,
936 2699 1009 2766 ἀλλ’
1046 2699 1184 2780 guamo

143 2804 279 2890 κατέσχε
301 2807 363 2889 τὴν
382 2807 582 2872 δυναστείαν
601 2807 816 2891 ὁπωσδήποτε
834 2807 958 2890 λαβών,
983 2799 1048 2893 ἀρα
1066 2811 1145 2890 βασι-

107 2917 243 2990 εελικῶς
266 2913 349 2996 αὐτῇ
372 2910 524 2998 κέχρηται
549 2916 654 2996 ζηλῶν
677 2916 756 2990 τοὺς
778 2912 960 2999 προτέρους
982 2913 1144 2997 ἡγεμόνας,

216 3111 230 3159 1
250 3101 363 3174 *μέντοι
384 3102 506 3166 ἅπαντες
523 3104 549 3157 Α
584 3105 667 3175 μένγε
687 3104 809 3168 ἅπαντες
826 3105 849 3158 Β
932 3111 948 3160 6
968 3102 1143 3176 συνέδρ<ι>ον

144 3179 160 3226 8
181 3169 383 3243 ἐπενέγκαντος
401 3175 422 3227 Β
456 3172 663 3244 ἀπενέγκαντας
681 3175 706 3228 R
776 3183 808 3230 10
827 3175 876 3228 καὶ
890 3177 1020 3246 σφαγέων
1036 3208 1065 3216 -
1080 3193 1103 3229 v.
1116 3179 1140 3224 ll

145 3237 185 3295 ὧν
204 3259 257 3295 om.
276 3245 298 3296 B
390 3250 423 3296 13
443 3243 511 3314 φέρε
535 3245 570 3312 δὴ
594 3246 699 3300 τούτων
718 3243 791 3300 οἶδε.
815 3265 856 3307 τις
873 3247 951 3316 ὑμῶν
970 3246 993 3299 Β
1032 3245 1096 3316 φέρε
1113 3241 1141 3308 δὴ

146 3311 187 3369 τίς
205 3311 281 3377 ὑμῶν
300 3333 326 3365 τι
344 3313 449 3367 τούτων
469 3313 528 3368 οἶδε
546 3315 572 3366 R
645 3323 677 3370 16
696 3316 744 3369 καὶ
763 3317 796 3370 ού
815 3315 884 3385 λέγω
903 3332 927 3372 ο.
945 3315 1050 3370 Reiske
1115 3318 1142 3366 18

148 3374 291 3514 Qslffg
304 3382 376 3434 κατὰ
400 3399 422 3436 ο.
442 3382 585 3452 Kiessling
675 3391 709 3439 24
728 3384 803 3448 ὅπως
824 3383 892 3440 ποτὲ
916 3385 939 3440 0
977 3384 1141 3452 ὁπωςγχππ,
