<?xml version="1.0" encoding="UTF-8"?>
<!DOCTYPE html PUBLIC "-//W3C//DTD XHTML 1.0 Transitional//EN"
    "http://www.w3.org/TR/xhtml1/DTD/xhtml1-transitional.dtd">
<html xmlns="http://www.w3.org/1999/xhtml" xml:lang="en" lang="en">
 <head>
  <title>
</title>
<meta http-equiv="Content-Type" content="text/html;charset=utf-8" />
  <meta name='ocr-system' content='tesseract 3.04.00' />
  <meta name='ocr-capabilities' content='ocr_page ocr_carea ocr_par ocr_line ocrx_word'/>
</head>
<body>
  <div class='ocr_page' id='page_1' title='image "./antiquitatumrom01jacogoog_0031.png"; bbox 0 0 2400 3912; ppageno 0'>
   <div class='ocr_carea' id='block_1_1' title="bbox 140 241 731 307">
    <p class='ocr_par' dir='ltr' id='par_1_1' title="bbox 140 241 731 307">
     <span class='ocr_line' id='line_1_1' title="bbox 140 241 731 307; baseline 0.003 -1"><span class='ocrx_word' id='word_1_1' title='bbox 140 241 184 307; x_wconf 79' lang='lat'><strong><em>22</em></strong></span> <span class='ocrx_word' id='word_1_2' title='bbox 568 241 731 292; x_wconf 79' lang='grc' dir='ltr'><strong><em>-Δ-</em></strong></span> 
     </span>
    </p>
   </div>
   <div class='ocr_carea' id='block_1_2' title="bbox 100 389 1194 2822">
    <p class='ocr_par' dir='ltr' id='par_1_2' title="bbox 100 389 1194 2822">
     <span class='ocr_line' id='line_1_2' title="bbox 115 389 1152 489; baseline -0.004 -20"><span class='ocrx_word' id='word_1_3' title='bbox 115 389 408 489; x_wconf 67' lang='grc' dir='ltr'><strong><em>’παρεσκεύασμαι</em></strong></span> <span class='ocrx_word' id='word_1_4' title='bbox 430 411 539 466; x_wconf 75' lang='grc' dir='ltr'><strong><em>ποιεῖν</em></strong></span> <span class='ocrx_word' id='word_1_5' title='bbox 557 400 745 486; x_wconf 87' lang='grc' dir='ltr'><strong><em>ἀχθόμενοί</em></strong></span> <span class='ocrx_word' id='word_1_6' title='bbox 759 421 795 466; x_wconf 87' lang='grc' dir='ltr'><strong><em>τε</em></strong></span> <span class='ocrx_word' id='word_1_7' title='bbox 813 398 869 466; x_wconf 80' lang='grc' dir='ltr'><strong><em>καὶ</em></strong></span> <span class='ocrx_word' id='word_1_8' title='bbox 888 398 1152 478; x_wconf 82' lang='grc' dir='ltr'><strong><em>ἀναξιοπαθοῦν-</em></strong></span> 
     </span>
     <span class='ocr_line' id='line_1_3' title="bbox 106 503 1152 592; baseline -0.003 -17"><span class='ocrx_word' id='word_1_9' title='bbox 106 511 206 586; x_wconf 85' lang='grc' dir='ltr'><strong><em>2τες·</em></strong></span> <span class='ocrx_word' id='word_1_10' title='bbox 244 510 280 574; x_wconf 90' lang='grc' dir='ltr'><strong><em>οί</em></strong></span> <span class='ocrx_word' id='word_1_11' title='bbox 309 506 479 574; x_wconf 82' lang='grc' dir='ltr'><strong><em>δανεισταὶ</em></strong></span> <span class='ocrx_word' id='word_1_12' title='bbox 511 503 573 592; x_wconf 67' lang='grc' dir='ltr'><strong><em>μὲν</em></strong></span> <span class='ocrx_word' id='word_1_13' title='bbox 604 508 657 572; x_wconf 83' lang='grc' dir='ltr'><strong><em>ότι</em></strong></span> <span class='ocrx_word' id='word_1_14' title='bbox 686 509 767 584; x_wconf 79' lang='grc' dir='ltr'><strong><em>τοὺς</em></strong></span> <span class='ocrx_word' id='word_1_15' title='bbox 797 505 941 591; x_wconf 77' lang='grc' dir='ltr'><strong><em>πένητας</em></strong></span> <span class='ocrx_word' id='word_1_16' title='bbox 971 505 1069 591; x_wconf 78' lang='grc' dir='ltr'><strong><em>ὑμῶν</em></strong></span> <span class='ocrx_word' id='word_1_17' title='bbox 1096 505 1152 572; x_wconf 79' lang='grc' dir='ltr'><strong><em>οὐκ</em></strong></span> 
     </span>
     <span class='ocr_line' id='line_1_4' title="bbox 141 608 1149 700; baseline -0.003 -20"><span class='ocrx_word' id='word_1_18' title='bbox 141 620 236 680; x_wconf 84' lang='grc' dir='ltr'><strong><em>είασα</em></strong></span> <span class='ocrx_word' id='word_1_19' title='bbox 258 615 320 698; x_wconf 84' lang='grc' dir='ltr'><strong><em>τὴν</em></strong></span> <span class='ocrx_word' id='word_1_20' title='bbox 344 614 541 700; x_wconf 78' lang='grc' dir='ltr'><strong><em>ἐλευθερίαν</em></strong></span> <span class='ocrx_word' id='word_1_21' title='bbox 565 612 793 698; x_wconf 74' lang='grc' dir='ltr'><strong><em>ἀφαιρεθῆναι</em></strong></span> <span class='ocrx_word' id='word_1_22' title='bbox 820 612 905 696; x_wconf 81' lang='grc' dir='ltr'><strong><em>πρὸς</em></strong></span> <span class='ocrx_word' id='word_1_23' title='bbox 926 613 968 678; x_wconf 79' lang='grc' dir='ltr'><strong><em>τὰ</em></strong></span> <span class='ocrx_word' id='word_1_24' title='bbox 989 610 1073 698; x_wconf 88' lang='grc' dir='ltr'><strong><em>χρέα</em></strong></span> <span class='ocrx_word' id='word_1_25' title='bbox 1098 608 1149 677; x_wconf 86' lang='grc' dir='ltr'><strong><em>ὑπ’</em></strong></span> 
     </span>
     <span class='ocr_line' id='line_1_5' title="bbox 142 716 1152 805; baseline -0.004 -19"><span class='ocrx_word' id='word_1_26' title='bbox 142 721 253 786; x_wconf 80' lang='grc' dir='ltr'><strong><em>αὐτῶν</em></strong></span> <span class='ocrx_word' id='word_1_27' title='bbox 280 718 458 805; x_wconf 79' lang='grc' dir='ltr'><strong><em>ἀχθέντας·</em></strong></span> <span class='ocrx_word' id='word_1_28' title='bbox 491 719 527 785; x_wconf 74' lang='lat' dir='ltr'><strong><em>ol</em></strong></span> <span class='ocrx_word' id='word_1_29' title='bbox 548 716 585 785; x_wconf 74' lang='grc' dir='ltr'><strong><em>δὲ</em></strong></span> <span class='ocrx_word' id='word_1_30' title='bbox 608 719 928 802; x_wconf 78' lang='grc' dir='ltr'><strong><em>κατανοσφιζόμενοι</em></strong></span> <span class='ocrx_word' id='word_1_31' title='bbox 948 720 992 785; x_wconf 80' lang='grc' dir='ltr'><strong><em>τὰ</em></strong></span> <span class='ocrx_word' id='word_1_32' title='bbox 1014 719 1152 804; x_wconf 85' lang='grc' dir='ltr'><strong><em>δημόσια</em></strong></span> 
     </span>
     <span class='ocr_line' id='line_1_6' title="bbox 114 822 1153 910; baseline 0.003 -24"><span class='ocrx_word' id='word_1_33' title='bbox 114 824 197 892; x_wconf 79' lang='grc' dir='ltr'><strong><em>εκαὶ</em></strong></span> <span class='ocrx_word' id='word_1_34' title='bbox 222 823 430 909; x_wconf 73' lang='grc' dir='ltr'><strong><em>κατέχοντες,</em></strong></span> <span class='ocrx_word' id='word_1_35' title='bbox 458 826 502 909; x_wconf 78' lang='grc' dir='ltr'><strong><em>ἣν</em></strong></span> <span class='ocrx_word' id='word_1_36' title='bbox 530 825 625 910; x_wconf 80' lang='grc' dir='ltr'><strong><em>ὑμεῖς</em></strong></span> <span class='ocrx_word' id='word_1_37' title='bbox 654 822 699 890; x_wconf 87' lang='grc' dir='ltr'><strong><em>δι’</em></strong></span> <span class='ocrx_word' id='word_1_38' title='bbox 723 825 863 908; x_wconf 78' lang='grc' dir='ltr'><strong><em>αἵματος</em></strong></span> <span class='ocrx_word' id='word_1_39' title='bbox 884 823 1074 909; x_wconf 80' lang='grc' dir='ltr'><strong><em>ἐκτήσασθε</em></strong></span> <span class='ocrx_word' id='word_1_40' title='bbox 1095 833 1153 908; x_wconf 80' lang='grc' dir='ltr'><strong><em>γῆν</em></strong></span> 
     </span>
     <span class='ocr_line' id='line_1_7' title="bbox 141 930 1153 1019; baseline -0.001 -22"><span class='ocrx_word' id='word_1_41' title='bbox 141 932 287 997; x_wconf 78' lang='grc' dir='ltr'><strong><em>ἐκλιπεῖν</em></strong></span> <span class='ocrx_word' id='word_1_42' title='bbox 310 930 583 1016; x_wconf 74' lang='grc' dir='ltr'><strong><em>ἀναγκαζόμενοι,</em></strong></span> <span class='ocrx_word' id='word_1_43' title='bbox 606 932 717 1017; x_wconf 81' lang='grc' dir='ltr'><strong><em>ὥσπερ</em></strong></span> <span class='ocrx_word' id='word_1_44' title='bbox 740 932 781 996; x_wconf 89' lang='grc' dir='ltr'><strong><em>τδι</em></strong></span> <span class='ocrx_word' id='word_1_45' title='bbox 798 939 936 1019; x_wconf 76' lang='grc' dir='ltr'><strong><em>πατρῷα</em></strong></span> <span class='ocrx_word' id='word_1_46' title='bbox 954 930 1153 1016; x_wconf 82' lang='grc' dir='ltr'><strong><em>ἀποστερού-</em></strong></span> 
     </span>
     <span class='ocr_line' id='line_1_8' title="bbox 140 1033 1152 1123; baseline -0.003 -21"><span class='ocrx_word' id='word_1_47' title='bbox 140 1060 237 1122; x_wconf 90' lang='grc' dir='ltr'><strong><em>μενοι</em></strong></span> <span class='ocrx_word' id='word_1_48' title='bbox 258 1033 314 1101; x_wconf 84' lang='grc' dir='ltr'><strong><em>καὶ</em></strong></span> <span class='ocrx_word' id='word_1_49' title='bbox 337 1037 378 1102; x_wconf 87' lang='grc' dir='ltr'><strong><em>οὐ</em></strong></span> <span class='ocrx_word' id='word_1_50' title='bbox 399 1037 576 1123; x_wconf 90' lang='grc' dir='ltr'><strong><em>τάλλότρια</em></strong></span> <span class='ocrx_word' id='word_1_51' title='bbox 599 1036 829 1113; x_wconf 89' lang='grc' dir='ltr'><strong><em>ἀποδιδόντες·</em></strong></span> <span class='ocrx_word' id='word_1_52' title='bbox 867 1035 904 1100; x_wconf 86' lang='grc' dir='ltr'><strong><em>οί</em></strong></span> <span class='ocrx_word' id='word_1_53' title='bbox 924 1034 956 1100; x_wconf 92' lang='grc' dir='ltr'><strong><em>δ’</em></strong></span> <span class='ocrx_word' id='word_1_54' title='bbox 985 1035 1152 1121; x_wconf 79' lang='grc' dir='ltr'><strong><em>ἀνειμένοι</em></strong></span> 
     </span>
     <span class='ocr_line' id='line_1_9' title="bbox 138 1140 1150 1229; baseline 0.001 -22"><span class='ocrx_word' id='word_1_55' title='bbox 138 1152 208 1208; x_wconf 80' lang='grc' dir='ltr'><strong><em>τῶν</em></strong></span> <span class='ocrx_word' id='word_1_56' title='bbox 235 1144 405 1229; x_wconf 81' lang='grc' dir='ltr'><strong><em>εἰσφορῶν</em></strong></span> <span class='ocrx_word' id='word_1_57' title='bbox 426 1154 495 1209; x_wconf 82' lang='grc' dir='ltr'><strong><em>τῶν</em></strong></span> <span class='ocrx_word' id='word_1_58' title='bbox 517 1145 565 1221; x_wconf 88' lang='grc' dir='ltr'><strong><em>είς</em></strong></span> <span class='ocrx_word' id='word_1_59' title='bbox 586 1145 665 1220; x_wconf 85' lang='grc' dir='ltr'><strong><em>τοὺς</em></strong></span> <span class='ocrx_word' id='word_1_60' title='bbox 686 1140 868 1227; x_wconf 90' lang='grc' dir='ltr'><strong><em>πολέμους,</em></strong></span> <span class='ocrx_word' id='word_1_61' title='bbox 896 1144 929 1208; x_wconf 85' lang='grc' dir='ltr'><strong><em>εί</em></strong></span> <span class='ocrx_word' id='word_1_62' title='bbox 947 1145 1150 1227; x_wconf 78' lang='grc' dir='ltr'><strong><em>τιμήσασθαι</em></strong></span> 
     </span>
     <span class='ocr_line' id='line_1_10' title="bbox 138 1246 1187 1335; baseline -0.006 -22"><span class='ocrx_word' id='word_1_63' title='bbox 138 1251 218 1326; x_wconf 84' lang='grc' dir='ltr'><strong><em>τοὺς</em></strong></span> <span class='ocrx_word' id='word_1_64' title='bbox 245 1252 341 1333; x_wconf 80' lang='grc' dir='ltr'><strong><em>βίους</em></strong></span> <span class='ocrx_word' id='word_1_65' title='bbox 367 1249 681 1334; x_wconf 72' lang='grc' dir='ltr'><strong><em>ἀναγκασθήσονται</em></strong></span> <span class='ocrx_word' id='word_1_66' title='bbox 703 1246 760 1314; x_wconf 80' lang='grc' dir='ltr'><strong><em>καὶ</em></strong></span> <span class='ocrx_word' id='word_1_67' title='bbox 782 1250 846 1316; x_wconf 87' lang='grc' dir='ltr'><strong><em>ἀπὸ</em></strong></span> <span class='ocrx_word' id='word_1_68' title='bbox 869 1259 937 1316; x_wconf 82' lang='grc' dir='ltr'><strong><em>τῶν</em></strong></span> <span class='ocrx_word' id='word_1_69' title='bbox 959 1249 1187 1335; x_wconf 75' lang='grc' dir='ltr'><strong><em>τιμημάτονιει</em></strong></span> 
     </span>
     <span class='ocr_line' id='line_1_11' title="bbox 103 1351 1153 1443; baseline 0.007 -30"><span class='ocrx_word' id='word_1_70' title='bbox 103 1375 128 1414; x_wconf 88' lang='lat'><strong><em>10</em></strong></span> <span class='ocrx_word' id='word_1_71' title='bbox 141 1357 199 1433; x_wconf 88' lang='grc' dir='ltr'><strong><em>τάς</em></strong></span> <span class='ocrx_word' id='word_1_72' title='bbox 227 1357 386 1443; x_wconf 80' lang='grc' dir='ltr'><strong><em>εἰσφορὰς</em></strong></span> <span class='ocrx_word' id='word_1_73' title='bbox 412 1353 661 1442; x_wconf 87' lang='grc' dir='ltr'><strong><em>συνεισφέρειν·</em></strong></span> <span class='ocrx_word' id='word_1_74' title='bbox 692 1363 789 1441; x_wconf 76' lang='grc' dir='ltr'><strong><em>κοινή</em></strong></span> <span class='ocrx_word' id='word_1_75' title='bbox 814 1351 852 1421; x_wconf 70' lang='grc' dir='ltr'><strong><em>δὲ</em></strong></span> <span class='ocrx_word' id='word_1_76' title='bbox 874 1356 1081 1440; x_wconf 79' lang='grc' dir='ltr'><strong><em>σύμπαντες,</em></strong></span> <span class='ocrx_word' id='word_1_77' title='bbox 1108 1356 1153 1421; x_wconf 85' lang='grc' dir='ltr'><strong><em>ότι</em></strong></span> 
     </span>
     <span class='ocr_line' id='line_1_12' title="bbox 140 1461 1153 1548; baseline 0.002 -22"><span class='ocrx_word' id='word_1_78' title='bbox 140 1464 223 1528; x_wconf 86' lang='grc' dir='ltr'><strong><em>κατὰ</em></strong></span> <span class='ocrx_word' id='word_1_79' title='bbox 240 1464 367 1548; x_wconf 87' lang='grc' dir='ltr'><strong><em>νόμους</em></strong></span> <span class='ocrx_word' id='word_1_80' title='bbox 384 1461 634 1548; x_wconf 77' lang='grc' dir='ltr'><strong><em>γεγραμμένους</em></strong></span> <span class='ocrx_word' id='word_1_81' title='bbox 652 1461 896 1546; x_wconf 77' lang='grc' dir='ltr'><strong><em>ἐθισθήσονται</em></strong></span> <span class='ocrx_word' id='word_1_82' title='bbox 915 1467 972 1546; x_wconf 79' lang='grc' dir='ltr'><strong><em>ζῆν</em></strong></span> <span class='ocrx_word' id='word_1_83' title='bbox 990 1464 1033 1528; x_wconf 79' lang='grc' dir='ltr'><strong><em>τὰ</em></strong></span> <span class='ocrx_word' id='word_1_84' title='bbox 1048 1464 1153 1528; x_wconf 90' lang='grc' dir='ltr'><strong><em>δίκαια</em></strong></span> 
     </span>
     <span class='ocr_line' id='line_1_13' title="bbox 142 1565 1152 1654; baseline 0 -20"><span class='ocrx_word' id='word_1_85' title='bbox 142 1567 175 1647; x_wconf 84' lang='grc' dir='ltr'><strong><em>ἐξ</em></strong></span> <span class='ocrx_word' id='word_1_86' title='bbox 195 1575 272 1634; x_wconf 74' lang='grc' dir='ltr'><strong><em>ἴσον</em></strong></span> <span class='ocrx_word' id='word_1_87' title='bbox 291 1571 441 1646; x_wconf 87' lang='grc' dir='ltr'><strong><em>διδόντες</em></strong></span> <span class='ocrx_word' id='word_1_88' title='bbox 458 1569 539 1654; x_wconf 76' lang='grc' dir='ltr'><strong><em>ὑμῖν</em></strong></span> <span class='ocrx_word' id='word_1_89' title='bbox 552 1566 609 1634; x_wconf 79' lang='grc' dir='ltr'><strong><em>καὶ</em></strong></span> <span class='ocrx_word' id='word_1_90' title='bbox 622 1566 858 1653; x_wconf 80' lang='grc' dir='ltr'><strong><em>λαμβάνοντες,</em></strong></span> <span class='ocrx_word' id='word_1_91' title='bbox 878 1565 950 1634; x_wconf 85' lang='grc' dir='ltr'><strong><em>ἀλλ’</em></strong></span> <span class='ocrx_word' id='word_1_92' title='bbox 969 1569 1033 1654; x_wconf 84' lang='grc' dir='ltr'><strong><em>οὐχ</em></strong></span> <span class='ocrx_word' id='word_1_93' title='bbox 1048 1569 1152 1654; x_wconf 80' lang='grc' dir='ltr'><strong><em>ὥσπερ</em></strong></span> 
     </span>
     <span class='ocr_line' id='line_1_14' title="bbox 141 1671 1153 1762; baseline 0 -24"><span class='ocrx_word' id='word_1_94' title='bbox 141 1675 390 1760; x_wconf 85' lang='grc' dir='ltr'><strong><em>ἀργυρωνήτοις</em></strong></span> <span class='ocrx_word' id='word_1_95' title='bbox 411 1677 683 1762; x_wconf 84' lang='grc' dir='ltr'><strong><em>παραχρήσονται</em></strong></span> <span class='ocrx_word' id='word_1_96' title='bbox 705 1684 776 1751; x_wconf 77' lang='grc' dir='ltr'><strong><em>τοῖς</em></strong></span> <span class='ocrx_word' id='word_1_97' title='bbox 797 1671 955 1758; x_wconf 85' lang='grc' dir='ltr'><strong><em>πένησιν,</em></strong></span> <span class='ocrx_word' id='word_1_98' title='bbox 979 1673 998 1740; x_wconf 89' lang='grc' dir='ltr'>ὃ</span> <span class='ocrx_word' id='word_1_99' title='bbox 1021 1684 1153 1742; x_wconf 85' lang='grc' dir='ltr'><strong><em>ποιοῦσι</em></strong></span> 
     </span>
     <span class='ocr_line' id='line_1_15' title="bbox 105 1777 1194 1865; baseline 0.002 -20"><span class='ocrx_word' id='word_1_100' title='bbox 105 1782 214 1845; x_wconf 85' lang='grc' dir='ltr'><strong><em>3νῦν.</em></strong></span> <span class='ocrx_word' id='word_1_101' title='bbox 252 1777 307 1844; x_wconf 78' lang='grc' dir='ltr'><strong><em>καὶ</em></strong></span> <span class='ocrx_word' id='word_1_102' title='bbox 336 1789 440 1845; x_wconf 78' lang='grc' dir='ltr'><strong><em>ταῦτα</em></strong></span> <span class='ocrx_word' id='word_1_103' title='bbox 469 1781 511 1865; x_wconf 85' lang='grc' dir='ltr'><strong><em>δή</em></strong></span> <span class='ocrx_word' id='word_1_104' title='bbox 540 1783 582 1846; x_wconf 82' lang='grc' dir='ltr'><strong><em>τὰ</em></strong></span> <span class='ocrx_word' id='word_1_105' title='bbox 611 1780 795 1865; x_wconf 84' lang='grc' dir='ltr'><strong><em>ἐγκλήματα</em></strong></span> <span class='ocrx_word' id='word_1_106' title='bbox 822 1777 1086 1864; x_wconf 79' lang='grc' dir='ltr'><strong><em>συνενέγκαντες</em></strong></span> <span class='ocrx_word' id='word_1_107' title='bbox 1112 1783 1153 1858; x_wconf 89' lang='grc' dir='ltr'><strong><em>είς</em></strong></span> <span class='ocrx_word' id='word_1_108' title='bbox 1193 1799 1194 1812; x_wconf 71' lang='grc'>’</span> 
     </span>
     <span class='ocr_line' id='line_1_16' title="bbox 101 1884 1152 1973; baseline 0.001 -22"><span class='ocrx_word' id='word_1_109' title='bbox 101 1903 127 1944; x_wconf 77' lang='lat'><strong><em>1⁵</em></strong></span> <span class='ocrx_word' id='word_1_110' title='bbox 140 1887 177 1952; x_wconf 89' lang='grc' dir='ltr'><strong><em>τὸ</em></strong></span> <span class='ocrx_word' id='word_1_111' title='bbox 201 1888 317 1952; x_wconf 90' lang='grc' dir='ltr'><strong><em>κοινὸν</em></strong></span> <span class='ocrx_word' id='word_1_112' title='bbox 341 1888 583 1970; x_wconf 80' lang='grc' dir='ltr'><strong><em>βεβούλευνταί</em></strong></span> <span class='ocrx_word' id='word_1_113' title='bbox 597 1910 632 1954; x_wconf 92' lang='grc' dir='ltr'><strong><em>τε</em></strong></span> <span class='ocrx_word' id='word_1_114' title='bbox 650 1884 706 1952; x_wconf 83' lang='grc' dir='ltr'><strong><em>καλ</em></strong></span> <span class='ocrx_word' id='word_1_115' title='bbox 724 1889 984 1973; x_wconf 84' lang='grc' dir='ltr'><strong><em>συνομωμόκασι</em></strong></span> <span class='ocrx_word' id='word_1_116' title='bbox 1001 1888 1152 1972; x_wconf 79' lang='grc' dir='ltr'><strong><em>κατάγειν</em></strong></span> 
     </span>
     <span class='ocr_line' id='line_1_17' title="bbox 139 1991 1193 2079; baseline -0.001 -22"><span class='ocrx_word' id='word_1_117' title='bbox 139 1995 219 2069; x_wconf 88' lang='grc' dir='ltr'><strong><em>τοὺς</em></strong></span> <span class='ocrx_word' id='word_1_118' title='bbox 246 1993 400 2078; x_wconf 83' lang='grc' dir='ltr'><strong><em>φυγάδας</em></strong></span> <span class='ocrx_word' id='word_1_119' title='bbox 425 1992 481 2059; x_wconf 80' lang='grc' dir='ltr'><strong><em>καί</em></strong></span> <span class='ocrx_word' id='word_1_120' title='bbox 507 2005 579 2072; x_wconf 82' lang='grc' dir='ltr'><strong><em>τοῖς</em></strong></span> <span class='ocrx_word' id='word_1_121' title='bbox 601 1996 760 2079; x_wconf 87' lang='grc' dir='ltr'><strong><em>Μαρκίου</em></strong></span> <span class='ocrx_word' id='word_1_122' title='bbox 781 1991 877 2060; x_wconf 78' lang='grc' dir='ltr'><strong><em>παισὶ</em></strong></span> <span class='ocrx_word' id='word_1_123' title='bbox 898 1994 960 2076; x_wconf 79' lang='grc' dir='ltr'><strong><em>τὴν</em></strong></span> <span class='ocrx_word' id='word_1_124' title='bbox 983 1997 1153 2077; x_wconf 76' lang='grc' dir='ltr'><strong><em>βασιλείαν</em></strong></span> <span class='ocrx_word' id='word_1_125' title='bbox 1192 2031 1193 2056; x_wconf 50' lang='grc' dir='ltr'><strong><em>ι</em></strong></span> 
     </span>
     <span class='ocr_line' id='line_1_18' title="bbox 140 2099 1153 2185; baseline 0.002 -23"><span class='ocrx_word' id='word_1_126' title='bbox 140 2099 353 2181; x_wconf 88' lang='grc' dir='ltr'><strong><em>ἀποδιδόναι,</em></strong></span> <span class='ocrx_word' id='word_1_127' title='bbox 384 2099 444 2176; x_wconf 82' lang='grc' dir='ltr'><strong><em>οὓς</em></strong></span> <span class='ocrx_word' id='word_1_128' title='bbox 470 2100 564 2184; x_wconf 79' lang='grc' dir='ltr'><strong><em>ὑμεῖς</em></strong></span> <span class='ocrx_word' id='word_1_129' title='bbox 595 2100 783 2185; x_wconf 86' lang='grc' dir='ltr'><strong><em>Ταρκύνιον</em></strong></span> <span class='ocrx_word' id='word_1_130' title='bbox 811 2100 1074 2177; x_wconf 84' lang='grc' dir='ltr'><strong><em>ἀποκτείναντας</em></strong></span> <span class='ocrx_word' id='word_1_131' title='bbox 1099 2101 1153 2166; x_wconf 87' lang='grc' dir='ltr'><strong><em>τὸν</em></strong></span> 
     </span>
     <span class='ocr_line' id='line_1_19' title="bbox 141 2203 1192 2294; baseline 0 -24"><span class='ocrx_word' id='word_1_132' title='bbox 141 2204 278 2289; x_wconf 85' lang='grc' dir='ltr'><strong><em>βασιλέα</em></strong></span> <span class='ocrx_word' id='word_1_133' title='bbox 300 2205 395 2290; x_wconf 77' lang='grc' dir='ltr'><strong><em>ὑμῶν</em></strong></span> <span class='ocrx_word' id='word_1_134' title='bbox 418 2207 527 2292; x_wconf 82' lang='grc' dir='ltr'><strong><em>ἀνδρα</em></strong></span> <span class='ocrx_word' id='word_1_135' title='bbox 549 2206 694 2292; x_wconf 88' lang='grc' dir='ltr'><strong><em>χρηστὸν</em></strong></span> <span class='ocrx_word' id='word_1_136' title='bbox 716 2203 772 2271; x_wconf 82' lang='grc' dir='ltr'><strong><em>καὶ</em></strong></span> <span class='ocrx_word' id='word_1_137' title='bbox 795 2207 975 2290; x_wconf 87' lang='grc' dir='ltr'><strong><em>φιλόπολιν</em></strong></span> <span class='ocrx_word' id='word_1_138' title='bbox 993 2204 1049 2272; x_wconf 79' lang='grc' dir='ltr'><strong><em>καὶ</em></strong></span> <span class='ocrx_word' id='word_1_139' title='bbox 1069 2211 1153 2290; x_wconf 76' lang='grc' dir='ltr'><strong><em>τηλι</em></strong></span> <span class='ocrx_word' id='word_1_140' title='bbox 1191 2291 1192 2294; x_wconf 8' lang='lat'>¹</span> 
     </span>
     <span class='ocr_line' id='line_1_20' title="bbox 139 2309 1154 2398; baseline -0.001 -21"><span class='ocrx_word' id='word_1_141' title='bbox 139 2321 240 2378; x_wconf 89' lang='grc' dir='ltr'><strong><em>κοῦτο</em></strong></span> <span class='ocrx_word' id='word_1_142' title='bbox 265 2310 552 2398; x_wconf 81' lang='grc' dir='ltr'><strong><em>διαπραξαμένους</em></strong></span> <span class='ocrx_word' id='word_1_143' title='bbox 574 2313 656 2394; x_wconf 82' lang='grc' dir='ltr'><strong><em>ἀγος</em></strong></span> <span class='ocrx_word' id='word_1_144' title='bbox 672 2310 730 2389; x_wconf 88' lang='grc' dir='ltr'><strong><em>τάς</em></strong></span> <span class='ocrx_word' id='word_1_145' title='bbox 746 2333 783 2376; x_wconf 87' lang='grc' dir='ltr'><strong><em>τε</em></strong></span> <span class='ocrx_word' id='word_1_146' title='bbox 802 2312 896 2387; x_wconf 88' lang='grc' dir='ltr'><strong><em>δίκας</em></strong></span> <span class='ocrx_word' id='word_1_147' title='bbox 913 2309 1058 2396; x_wconf 89' lang='grc' dir='ltr'><strong><em>ἐρήμους</em></strong></span> <span class='ocrx_word' id='word_1_148' title='bbox 1074 2312 1154 2380; x_wconf 89' lang='grc' dir='ltr'><strong><em>ἐκλι-</em></strong></span> 
     </span>
     <span class='ocr_line' id='line_1_21' title="bbox 100 2415 1154 2503; baseline -0.003 -20"><span class='ocrx_word' id='word_1_149' title='bbox 100 2421 265 2495; x_wconf 70' lang='grc' dir='ltr'><strong><em>ιῡπόντας</em></strong></span> <span class='ocrx_word' id='word_1_150' title='bbox 298 2417 354 2483; x_wconf 82' lang='grc' dir='ltr'><strong><em>καὶ</em></strong></span> <span class='ocrx_word' id='word_1_151' title='bbox 386 2427 496 2502; x_wconf 81' lang='grc' dir='ltr'><strong><em>φυγῆς</em></strong></span> <span class='ocrx_word' id='word_1_152' title='bbox 527 2415 658 2494; x_wconf 80' lang='grc' dir='ltr'><strong><em>ἑαυτοῖς</em></strong></span> <span class='ocrx_word' id='word_1_153' title='bbox 688 2415 933 2502; x_wconf 79' lang='grc' dir='ltr'><strong><em>τιμησαμένους</em></strong></span> <span class='ocrx_word' id='word_1_154' title='bbox 963 2419 1073 2503; x_wconf 85' lang='grc' dir='ltr'><strong><em>πυρὸς</em></strong></span> <span class='ocrx_word' id='word_1_155' title='bbox 1104 2415 1154 2484; x_wconf 80' lang='grc' dir='ltr'><strong><em>καί</em></strong></span> 
     </span>
     <span class='ocr_line' id='line_1_22' title="bbox 139 2518 1154 2608; baseline 0 -20"><span class='ocrx_word' id='word_1_156' title='bbox 139 2523 261 2600; x_wconf 77' lang='grc' dir='ltr'><strong><em>ὕδατος</em></strong></span> <span class='ocrx_word' id='word_1_157' title='bbox 284 2529 408 2608; x_wconf 72' lang='grc' dir='ltr'><strong><em>εἴργειν</em></strong></span> <span class='ocrx_word' id='word_1_158' title='bbox 431 2520 656 2608; x_wconf 80' lang='grc' dir='ltr'><strong><em>ἐψηφίσασθε·</em></strong></span> <span class='ocrx_word' id='word_1_159' title='bbox 686 2524 825 2608; x_wconf 77' lang='grc' dir='ltr'><strong><em>ἔμελλόν</em></strong></span> <span class='ocrx_word' id='word_1_160' title='bbox 848 2518 894 2606; x_wconf 89' lang='grc' dir='ltr'><strong><em>τ’,</em></strong></span> <span class='ocrx_word' id='word_1_161' title='bbox 917 2524 949 2588; x_wconf 91' lang='grc' dir='ltr'><strong><em>εί</em></strong></span> <span class='ocrx_word' id='word_1_162' title='bbox 964 2524 1009 2608; x_wconf 85' lang='grc' dir='ltr'><strong><em>μή</em></strong></span> <span class='ocrx_word' id='word_1_163' title='bbox 1028 2529 1154 2590; x_wconf 81' lang='grc' dir='ltr'><strong><em>θᾶττον</em></strong></span> 
     </span>
     <span class='ocr_line' id='line_1_23' title="bbox 140 2579 1191 2716; baseline 0.002 -24"><span class='ocrx_word' id='word_1_164' title='bbox 140 2626 213 2712; x_wconf 79' lang='grc' dir='ltr'><strong><em>ἐμοὶ</em></strong></span> <span class='ocrx_word' id='word_1_165' title='bbox 240 2625 316 2713; x_wconf 80' lang='grc' dir='ltr'><strong><em>περὶ</em></strong></span> <span class='ocrx_word' id='word_1_166' title='bbox 343 2629 472 2694; x_wconf 84' lang='grc' dir='ltr'><strong><em>τούτων</em></strong></span> <span class='ocrx_word' id='word_1_167' title='bbox 499 2627 630 2713; x_wconf 88' lang='grc' dir='ltr'><strong><em>ἐγένετο</em></strong></span> <span class='ocrx_word' id='word_1_168' title='bbox 658 2632 815 2714; x_wconf 89' lang='grc' dir='ltr'><strong><em>μήνυσις,</em></strong></span> <span class='ocrx_word' id='word_1_169' title='bbox 848 2628 980 2714; x_wconf 84' lang='grc' dir='ltr'><strong><em>ξενικήν</em></strong></span> <span class='ocrx_word' id='word_1_170' title='bbox 1010 2630 1154 2716; x_wconf 85' lang='grc' dir='ltr'><strong><em>δύναμιν</em></strong></span> <span class='ocrx_word' id='word_1_171' title='bbox 1190 2579 1191 2671; x_wconf 54' lang='grc' dir='ltr'><strong><em>δ</em></strong></span> 
     </span>
     <span class='ocr_line' id='line_1_24' title="bbox 140 2732 1190 2822; baseline 0.003 -24"><span class='ocrx_word' id='word_1_172' title='bbox 140 2732 339 2820; x_wconf 90' lang='grc' dir='ltr'><strong><em>ἐπαγόμενοι</em></strong></span> <span class='ocrx_word' id='word_1_173' title='bbox 361 2737 481 2812; x_wconf 87' lang='grc' dir='ltr'><strong><em>νυκτὸς</em></strong></span> <span class='ocrx_word' id='word_1_174' title='bbox 504 2737 553 2800; x_wconf 85' lang='grc' dir='ltr'><strong><em>ἐτι</em></strong></span> <span class='ocrx_word' id='word_1_175' title='bbox 574 2736 702 2818; x_wconf 82' lang='grc' dir='ltr'><strong><em>πολλήν</em></strong></span> <span class='ocrx_word' id='word_1_176' title='bbox 724 2735 879 2819; x_wconf 90' lang='grc' dir='ltr'><strong><em>κατάγειν</em></strong></span> <span class='ocrx_word' id='word_1_177' title='bbox 902 2737 950 2813; x_wconf 89' lang='grc' dir='ltr'><strong><em>είς</em></strong></span> <span class='ocrx_word' id='word_1_178' title='bbox 971 2737 1033 2820; x_wconf 85' lang='grc' dir='ltr'><strong><em>τήν</em></strong></span> <span class='ocrx_word' id='word_1_179' title='bbox 1056 2739 1155 2802; x_wconf 89' lang='grc' dir='ltr'><strong><em>πόλιν</em></strong></span> <span class='ocrx_word' id='word_1_180' title='bbox 1189 2819 1190 2822; x_wconf 9' lang='lat'>¹</span> 
     </span>
    </p>
   </div>
   <div class='ocr_carea' id='block_1_3' title="bbox 139 2940 1189 3180">
    <p class='ocr_par' dir='ltr' id='par_1_3' title="bbox 139 2940 1189 3180">
     <span class='ocr_line' id='line_1_25' title="bbox 211 2940 1154 3016; baseline 0.002 -18"><span class='ocrx_word' id='word_1_181' title='bbox 211 2950 228 2998; x_wconf 86' lang='grc'>3</span> <span class='ocrx_word' id='word_1_182' title='bbox 246 2943 317 3014; x_wconf 84' lang='grc' dir='ltr'><strong><em>πρὸς</em></strong></span> <span class='ocrx_word' id='word_1_183' title='bbox 334 2943 370 2998; x_wconf 80' lang='grc' dir='ltr'><strong><em>τὰ</em></strong></span> <span class='ocrx_word' id='word_1_184' title='bbox 387 2940 457 3014; x_wconf 87' lang='grc' dir='ltr'><strong><em>χρέα</em></strong></span> <span class='ocrx_word' id='word_1_185' title='bbox 475 2944 539 2998; x_wconf 80' lang='lat' dir='ltr'>add.</span> <span class='ocrx_word' id='word_1_186' title='bbox 559 2944 582 2996; x_wconf 94' lang='lat' dir='ltr'>B</span> <span class='ocrx_word' id='word_1_187' title='bbox 649 2950 667 2998; x_wconf 86' lang='lat'>4</span> <span class='ocrx_word' id='word_1_188' title='bbox 685 2941 871 3016; x_wconf 84' lang='grc' dir='ltr'><strong><em>ἀπαχθέντας</em></strong></span> <span class='ocrx_word' id='word_1_189' title='bbox 889 2961 913 3001; x_wconf 84' lang='grc' dir='ltr'><strong><em>ο.</em></strong></span> <span class='ocrx_word' id='word_1_190' title='bbox 932 2944 1063 3000; x_wconf 73' lang='lat' dir='ltr'>Niebuhr</span> <span class='ocrx_word' id='word_1_191' title='bbox 1080 2946 1154 3000; x_wconf 74' lang='lat' dir='ltr'><strong>Hist.</strong></span> 
     </span>
     <span class='ocr_line' id='line_1_26' title="bbox 139 3011 1154 3089; baseline 0.002 -19"><span class='ocrx_word' id='word_1_192' title='bbox 139 3034 209 3071; x_wconf 89' lang='lat' dir='ltr'><strong>rom.</strong></span> <span class='ocrx_word' id='word_1_193' title='bbox 223 3016 235 3068; x_wconf 97' lang='grc' dir='ltr'><strong>Ι</strong></span> <span class='ocrx_word' id='word_1_194' title='bbox 254 3033 281 3070; x_wconf 89' lang='lat' dir='ltr'><strong><em>n.</em></strong></span> <span class='ocrx_word' id='word_1_195' title='bbox 298 3021 366 3070; x_wconf 87' lang='grc'><strong>1266</strong></span> <span class='ocrx_word' id='word_1_196' title='bbox 421 3019 437 3068; x_wconf 82' lang='grc'>5</span> <span class='ocrx_word' id='word_1_197' title='bbox 457 3014 505 3068; x_wconf 82' lang='grc' dir='ltr'><strong><em>καλ</em></strong></span> <span class='ocrx_word' id='word_1_198' title='bbox 524 3011 584 3089; x_wconf 73' lang='grc' dir='ltr'><strong><em>ίδίγ</em></strong></span> <span class='ocrx_word' id='word_1_199' title='bbox 598 3013 763 3086; x_wconf 85' lang='grc' dir='ltr'><strong><em>κατέχοντες</em></strong></span> <span class='ocrx_word' id='word_1_200' title='bbox 776 3033 799 3071; x_wconf 89' lang='grc' dir='ltr'><strong><em>ο.</em></strong></span> <span class='ocrx_word' id='word_1_201' title='bbox 814 3015 959 3086; x_wconf 77' lang='lat' dir='ltr'>Kiessling</span> <span class='ocrx_word' id='word_1_202' title='bbox 974 3019 979 3083; x_wconf 90' lang='grc' dir='ltr'>Ι</span> <span class='ocrx_word' id='word_1_203' title='bbox 996 3011 1154 3084; x_wconf 84' lang='grc' dir='ltr'><strong><em>ἐκτήσασθε</em></strong></span> 
     </span>
     <span class='ocr_line' id='line_1_27' title="bbox 139 3081 1189 3180; baseline 0.002 -40"><span class='ocrx_word' id='word_1_204' title='bbox 139 3087 215 3180; x_wconf 55' lang='grc' dir='ltr'><strong><em>ρΒλ)</em></strong></span> <span class='ocrx_word' id='word_1_205' title='bbox 253 3081 428 3155; x_wconf 84' lang='grc' dir='ltr'><strong><em>ἐκτήσασθαι</em></strong></span> <span class='ocrx_word' id='word_1_206' title='bbox 446 3086 495 3140; x_wconf 78' lang='lat' dir='ltr'><strong><em>Ba</em></strong></span> <span class='ocrx_word' id='word_1_207' title='bbox 570 3081 771 3161; x_wconf 81' lang='grc' dir='ltr'><strong><em>6έκλ&lt;ι&gt;πεῖν</em></strong></span> <span class='ocrx_word' id='word_1_208' title='bbox 789 3087 836 3142; x_wconf 77' lang='lat' dir='ltr'><strong><em>Ba</em></strong></span> <span class='ocrx_word' id='word_1_209' title='bbox 909 3086 1093 3159; x_wconf 80' lang='grc' dir='ltr'><strong><em>’λτάλλότρια</em></strong></span> <span class='ocrx_word' id='word_1_210' title='bbox 1111 3089 1189 3159; x_wconf 35' lang='lat' dir='ltr'><strong><em>Ba}</em></strong></span> 
     </span>
    </p>
   </div>
   <div class='ocr_carea' id='block_1_4' title="bbox 139 3181 1156 3353">
    <p class='ocr_par' dir='ltr' id='par_1_4' title="bbox 139 3181 1156 3353">
     <span class='ocr_line' id='line_1_28' title="bbox 139 3181 1154 3334; baseline -0.002 -68"><span class='ocrx_word' id='word_1_211' title='bbox 139 3181 287 3282; x_wconf 61' lang='grc' dir='ltr'><strong><em>έάλλότρια</em></strong></span> <span class='ocrx_word' id='word_1_212' title='bbox 305 3211 351 3264; x_wconf 91' lang='lat' dir='ltr'><strong><em>Bb</em></strong></span> <span class='ocrx_word' id='word_1_213' title='bbox 416 3215 603 3281; x_wconf 83' lang='grc' dir='ltr'><strong><em>8σνμφορῶν</em></strong></span> <span class='ocrx_word' id='word_1_214' title='bbox 621 3211 647 3266; x_wconf 83' lang='grc' dir='ltr'><strong>Α</strong></span> <span class='ocrx_word' id='word_1_215' title='bbox 663 3213 667 3275; x_wconf 97' lang='grc' dir='ltr'>Ι</span> <span class='ocrx_word' id='word_1_216' title='bbox 684 3208 723 3334; x_wconf 53' lang='lat' dir='ltr'><strong><em>eg</em></strong></span> <span class='ocrx_word' id='word_1_217' title='bbox 743 3209 827 3274; x_wconf 81' lang='grc' dir='ltr'><strong><em>είςΑ</em></strong></span> <span class='ocrx_word' id='word_1_218' title='bbox 890 3216 923 3266; x_wconf 92' lang='grc'><strong><em>10</em></strong></span> <span class='ocrx_word' id='word_1_219' title='bbox 942 3209 1154 3283; x_wconf 85' lang='grc' dir='ltr'><strong><em>καταφέρεινΒ</em></strong></span> 
     </span>
     <span class='ocr_line' id='line_1_29' title="bbox 177 3281 1156 3353; baseline 0.003 -17"><span class='ocrx_word' id='word_1_220' title='bbox 177 3287 210 3336; x_wconf 85' lang='grc'><strong><em>12</em></strong></span> <span class='ocrx_word' id='word_1_221' title='bbox 230 3283 359 3338; x_wconf 88' lang='grc' dir='ltr'><strong><em>δίδονται</em></strong></span> <span class='ocrx_word' id='word_1_222' title='bbox 376 3281 422 3336; x_wconf 78' lang='lat' dir='ltr'><strong><em>Ba</em></strong></span> <span class='ocrx_word' id='word_1_223' title='bbox 492 3287 528 3336; x_wconf 58' lang='lat'><strong><em>14</em></strong></span> <span class='ocrx_word' id='word_1_224' title='bbox 543 3290 596 3338; x_wconf 77' lang='grc' dir='ltr'><strong><em>νῦν</em></strong></span> <span class='ocrx_word' id='word_1_225' title='bbox 615 3281 680 3336; x_wconf 83' lang='lat' dir='ltr'><strong>add.</strong></span> <span class='ocrx_word' id='word_1_226' title='bbox 786 3288 820 3337; x_wconf 80' lang='lat'><strong><em>15</em></strong></span> <span class='ocrx_word' id='word_1_227' title='bbox 837 3301 868 3338; x_wconf 89' lang='grc' dir='ltr'><strong><em>τε</em></strong></span> <span class='ocrx_word' id='word_1_228' title='bbox 886 3281 950 3342; x_wconf 77' lang='lat' dir='ltr'><strong>add.</strong></span> <span class='ocrx_word' id='word_1_229' title='bbox 969 3283 992 3335; x_wconf 91' lang='lat' dir='ltr'>B</span> <span class='ocrx_word' id='word_1_230' title='bbox 1009 3287 1013 3352; x_wconf 90' lang='grc' dir='ltr'>Ι</span> <span class='ocrx_word' id='word_1_231' title='bbox 1029 3301 1156 3353; x_wconf 84' lang='grc' dir='ltr'><strong><em>συνωμο-</em></strong></span> 
     </span>
    </p>
   </div>
   <div class='ocr_carea' id='block_1_5' title="bbox 141 3345 1188 3476">
    <p class='ocr_par' dir='ltr' id='par_1_5' title="bbox 141 3345 1188 3476">
     <span class='ocr_line' id='line_1_30' title="bbox 141 3345 1188 3476; baseline 0.001 -70"><span class='ocrx_word' id='word_1_232' title='bbox 141 3351 275 3476; x_wconf 54' lang='grc' dir='ltr'><strong><em>ριόκεισαν</em></strong></span> <span class='ocrx_word' id='word_1_233' title='bbox 289 3353 315 3404; x_wconf 84' lang='grc' dir='ltr'>Α</span> <span class='ocrx_word' id='word_1_234' title='bbox 368 3358 403 3407; x_wconf 90' lang='grc'><strong><em>20</em></strong></span> <span class='ocrx_word' id='word_1_235' title='bbox 422 3345 539 3415; x_wconf 81' lang='grc' dir='ltr'><strong><em>έαυτοδις</em></strong></span> <span class='ocrx_word' id='word_1_236' title='bbox 553 3351 599 3405; x_wconf 93' lang='lat' dir='ltr'><strong><em>Bb</em></strong></span> <span class='ocrx_word' id='word_1_237' title='bbox 616 3356 620 3422; x_wconf 87' lang='grc' dir='ltr'>Ι</span> <span class='ocrx_word' id='word_1_238' title='bbox 636 3351 878 3423; x_wconf 85' lang='grc' dir='ltr'><strong><em>τιμησαμένουςΒ</em></strong></span> <span class='ocrx_word' id='word_1_239' title='bbox 914 3351 1156 3424; x_wconf 83' lang='grc' dir='ltr'><strong><em>ταμιευσαμένονς</em></strong></span> <span class='ocrx_word' id='word_1_240' title='bbox 1187 3371 1188 3392; x_wconf 64' lang='lat'><em>³</em></span> 
     </span>
    </p>
   </div>
   <div class='ocr_carea' id='block_1_6' title="bbox 143 3421 1155 3558">
    <p class='ocr_par' dir='ltr' id='par_1_6' title="bbox 143 3421 1155 3558">
     <span class='ocr_line' id='line_1_31' title="bbox 239 3421 1155 3493; baseline 0.005 -18"><span class='ocrx_word' id='word_1_241' title='bbox 239 3427 272 3475; x_wconf 90' lang='grc'><strong><em>22</em></strong></span> <span class='ocrx_word' id='word_1_242' title='bbox 292 3421 406 3490; x_wconf 78' lang='grc' dir='ltr'><strong><em>ξενικὴν</em></strong></span> <span class='ocrx_word' id='word_1_243' title='bbox 424 3423 546 3492; x_wconf 81' lang='grc' dir='ltr'><strong><em>δύναμιν</em></strong></span> <span class='ocrx_word' id='word_1_244' title='bbox 565 3422 588 3475; x_wconf 90' lang='grc' dir='ltr'>Β</span> <span class='ocrx_word' id='word_1_245' title='bbox 625 3421 740 3491; x_wconf 83' lang='grc' dir='ltr'><strong><em>ξενικήν</em></strong></span> <span class='ocrx_word' id='word_1_246' title='bbox 758 3443 823 3480; x_wconf 92' lang='grc' dir='ltr'><strong><em>τινα</em></strong></span> <span class='ocrx_word' id='word_1_247' title='bbox 841 3425 866 3481; x_wconf 92' lang='grc' dir='ltr'><strong><em>δ,</em></strong></span> <span class='ocrx_word' id='word_1_248' title='bbox 885 3423 911 3477; x_wconf 87' lang='lat' dir='ltr'><strong>R</strong></span> <span class='ocrx_word' id='word_1_249' title='bbox 998 3431 1032 3480; x_wconf 80' lang='grc'><strong><em>23</em></strong></span> <span class='ocrx_word' id='word_1_250' title='bbox 1051 3428 1155 3493; x_wconf 83' lang='grc' dir='ltr'><strong><em>πολλῆς</em></strong></span> 
     </span>
     <span class='ocr_line' id='line_1_32' title="bbox 143 3490 424 3558; baseline 0 -14"><span class='ocrx_word' id='word_1_251' title='bbox 143 3491 219 3546; x_wconf 78' lang='grc' dir='ltr'><strong><em>ΑΒιι</em></strong></span> <span class='ocrx_word' id='word_1_252' title='bbox 254 3490 359 3558; x_wconf 79' lang='grc' dir='ltr'><strong><em>πολλὴν</em></strong></span> <span class='ocrx_word' id='word_1_253' title='bbox 377 3491 424 3544; x_wconf 92' lang='lat' dir='ltr'><strong><em>Bb</em></strong></span> 
     </span>
    </p>
   </div>
   <div class='ocr_carea' id='block_1_7' title="bbox 0 0 1204 3912">
    <p class='ocr_par' dir='ltr' id='par_1_7' title="bbox 0 0 1204 3912">
     <span class='ocr_line' id='line_1_33' title="bbox 0 0 1204 3912; baseline 0 0"><span class='ocrx_word' id='word_1_254' title='bbox 0 0 1204 3912; x_wconf 95' lang='lat' dir='ltr'><strong><em> </em></strong></span> 
     </span>
    </p>
   </div>
  </div>
 </body>
</html>
