2400 3912
464 257 629 306 -Δ-
1013 255 1054 318 37

38 417 116 500 ,τότε
133 425 199 479 τῶν
218 416 344 499 ψήφων
365 417 445 492 τοὺς
463 414 527 481 άπὸ
541 425 602 481 τοῦ
616 419 731 502 τρίτου
744 420 924 502 τιμήματος
938 417 1060 507 ἐκάλει·

52 513 98 585 καί
121 521 298 607 τετάρτους
321 524 401 598 τοὺς
424 521 488 588 άπὸ
511 530 572 589 τοῦ
594 523 753 608 τετάρτου
775 526 964 608 τιμήματος.
1005 521 1061 588 καλ

52 625 133 692 τοῦτ’
169 627 275 695 ἐποίει
298 626 394 714 μέχρι
416 637 478 694 τοῦ
501 626 661 712 γενέσθαι
684 632 804 714 λόχους
827 629 907 695 ἑπτά
929 628 984 696 καί
1008 631 1060 696 έν-

53 737 202 818 ενήκοντα
222 736 422 820 ἰσοψήφους.
455 735 487 800 εί
504 731 541 800 όέ
559 733 655 822 μέχρι
673 745 731 820 τής
749 733 896 822 πέμπτης
913 737 1096 820 κλήσεωςῖ)

52 842 89 924 μή
106 842 198 926 τόχοι
216 849 318 906 τοῦτο
337 843 533 926 γενόμενον,
556 837 628 906 ἀλλ’
648 843 693 919 είς
712 847 768 907 ίσα
787 839 869 926 μέρη
889 848 1087 928 σχισθεῖεν8

52 946 83 1010 αί
108 956 173 1012 τῶν
205 945 325 1014 ἑκατὸν
353 947 554 1031 ἐνενήκοντα
583 949 645 1012 δύο
674 951 783 1033 λόχων
810 959 954 1033 γνῶμαι,
987 951 1060 1014 τότε

51 1053 103 1117 τὸν
128 1056 269 1140 ἔσχατον
297 1054 407 1120 ἐκάλει
435 1057 551 1140 λόχον,
580 1053 617 1120 ἐν
646 1045 672 1142 ᾧ
696 1056 734 1121 τὸ
757 1065 825 1120 τῶν
849 1055 984 1141 ἀπόρων
1006 1052 1061 1120 καί

51 1161 99 1224 όιά
119 1157 211 1226 τοῦτ’
229 1160 423 1247 ἀφειμένων
441 1161 571 1244 ἁπάσης
590 1163 761 1247 στρατείας
779 1185 814 1226 τε
833 1160 888 1228 καὶ
902 1163 1062 1247 είσφορᾶς

50 1271 186 1332 πολιτῶν
209 1273 341 1353 πλῆθος
362 1264 421 1351 ἦν·
445 1264 587 1354 ὁποτέρᾳ
611 1264 648 1333 &z
671 1274 857 1354 προσθοῖτο
881 1279 948 1333 τῶν
972 1272 1062 1354 μερί-

51 1373 111 1437 όων
134 1369 234 1450 οὗτος
258 1374 276 1440 ὁ
302 1377 411 1459 λόχος,
435 1373 519 1456 αὕτη
542 1373 580 1438 τὸ
604 1374 725 1461 κράτος
748 1373 920 1459 ἐλάμβανε.
963 1383 1060 1439 τοῦτο
1076 1391 1103 1430 1⁰

51 1475 114 1542 δ’
95 1503 136 1562 ην
164 1482 311 1547 σπάνιον
338 1479 394 1546 καὶ
419 1480 459 1546 οὐ
483 1481 612 1566 μακράν
637 1478 761 1566 ἀπέχον
783 1480 980 1546 τάδυνάτου.
1022 1482 1081 1545 τά

13 1589 145 1651 888πολλά
174 1583 237 1672 μέν
265 1586 398 1671 γάρέπ
399 1585 496 1669 ὶτής
524 1587 657 1671 πρώτης
679 1590 826 1671 κλήσεως
848 1583 942 1664 τέλος
965 1585 1061 1670 ἐλάμ-

51 1695 153 1778 βανεν,
179 1695 236 1759 ὀλί
221 1697 277 1777 ίγα
300 1690 337 1759 δέ
361 1690 458 1778 μέχρι
481 1701 539 1776 τής
561 1694 718 1780 τετάρτης
741 1694 959 1782 προῦβαινεν·
983 1690 1061 1775 ήόὲ

51 1799 168 1885 πέμπτη
193 1806 309 1885 κλήσις
332 1797 388 1866 καὶ
410 1800 431 1883 ἡ
454 1802 627 1865 τελευταία
650 1803 877 1887 παρείλκοντο.

108 1908 197 1973 ΧΧΙ.
243 1911 357 1974 Τοῦτο,
388 1907 426 1971 τὸ
462 1907 645 1991 πολίτευμα
682 1906 970 1990 καταστησάμενος
1007 1903 1061 1970 καὶ
1077 1923 1102 1963 15

51 2015 270 2096 πλεονέκτημα
292 2022 363 2089 τοϊς
386 2015 560 2089 πλουσίοις
583 2017 758 2095 τηλικοῦτο
783 2014 864 2089 δοὺς
882 2015 984 2077 ἔλαθε
1003 2013 1062 2076 τὸν

52 2119 159 2203 δήμου,
185 2121 297 2206 ὥσπερ
322 2121 425 2203 ἔφην,
448 2122 763 2205 καταστρατηγήσας
785 2117 840 2184 καὶ
863 2121 942 2196 τοὺς
964 2117 1063 2201 πένη·

51 2247 102 2302 τας
118 2225 285 2304 ἀπελάσας
303 2237 371 2290 τῶν
386 2235 520 2291 κοινῶν.
553 2225 790 2309 ὑπελάμβανον
804 2221 943 2309 μὲνγὰρ
958 2223 1062 2288 ἅπαν-

50 2355 96 2409 τες
118 2340 192 2400 ίσον
217 2337 305 2420 ἔχειν
328 2341 387 2416 τής
409 2335 577 2408 πολιτείας
599 2330 698 2416 μέρος
721 2327 792 2397 κατ’
815 2331 922 2415 ἄνδρα
946 2331 1062 2411 όιερω-

18 2461 22 2474 ·
50 2440 183 2524 τώμενοι
215 2441 274 2518 τάς
306 2441 442 2524 γνώμας
474 2439 511 2504 ἐν
542 2449 613 2514 τοῖς
646 2440 746 2514 ίόίοις
777 2437 910 2502 ἕκαστοι
936 2439 1058 2520 λόχοις,
1074 2456 1100 2495 ιο

52 2543 252 2629 ἐξηπατῶντο
281 2543 318 2611 δέ
348 2553 394 2633 τςό
418 2547 499 2628 μίαν
523 2539 609 2610 εἶναι
633 2553 749 2629 ψήφων
773 2543 854 2609 ὅλου
876 2551 938 2608 τοῦ
961 2546 1063 2628 λόχου

51 2661 104 2717 τοῦ
126 2652 156 2718 τ’
183 2654 319 2738 ὀλίγους
343 2654 478 2737 ἔχοντος
501 2650 537 2717 ἐν
550 2652 646 2739 αὑτῷ
666 2648 875 2729 πολίταςκαὶ
893 2658 955 2715 τοῦ
973 2651 1063 2715 πάνυ

52 2761 199 2837 πολλούς·
236 2756 292 2824 καὶ
319 2765 366 2846 τῷ
395 2758 548 2843 πρώτους
576 2755 748 2844 ἐπιφέρειν
775 2765 891 2841 ψῆφον
919 2758 997 2832 τοὺς
1025 2757 1087 2822 τὸ-

52 2863 200 2947 μέγιστον
228 2868 365 2950 ἐχοντας
392 2867 516 2948 τίμημα
543 2866 678 2948 λόχους,
711 2865 846 2939 πλείους
873 2858 935 2946 μὲν
964 2864 1063 2939 όντας

52 2980 112 3035 τῶν
132 2969 424 3056 ὑπολειπομένων,
454 2970 613 3036 ἐλάττονα
638 2965 671 3035 δ’
698 2970 845 3058 ἀριθμὸν
869 2968 1062 3056 ἀνθρώπων
1076 2988 1103 3027 τε

53 3077 193 3159 ἔχοντας·
230 3078 372 3162 μάλιστα
404 3073 441 3142 δέ
473 3085 519 3167 τῷ
551 3080 630 3154 τοὺς
662 3076 810 3162 άπόρους
837 3078 917 3159 μίαν
945 3084 1061 3159 ψήφου

54 3182 131 3265 ἐχειν
153 3186 300 3261 πολλοὺς
316 3185 422 3261 ὄντας
445 3181 499 3248 καί
523 3185 731 3259 τελευταίους
749 3187 933 3247 καλεῖσθαι.
967 3185 1098 3265 γενο-2

117 3379 214 3441 1τους
232 3393 287 3432 om.
306 3377 329 3430 B
400 3381 433 3431 10
452 3376 523 3445 αότὴ
542 3376 565 3428 Β
631 3382 662 3429 11
683 3373 827 3428 ἀδυνάτου
847 3373 869 3427 0
890 3391 959 3430 corr.
979 3375 1061 3429 Hert-

55 3441 105 3498 lein
121 3447 238 3505 Hermes
257 3447 283 3502 X
301 3453 353 3502 412
428 3453 462 3500 14
480 3466 537 3516 παρ
541 3451 678 3502 εῖλκονυ.
698 3444 788 3500 Cobet
806 3445 872 3500 Obs.
891 3463 918 3515 p.
937 3452 971 3501 80
1026 3455 1060 3502 21

54 3514 82 3568 τὸ
98 3521 160 3586 μίαν
178 3520 204 3573 A
278 3525 312 3573 22
332 3517 449 3592 αότῷΒ
522 3523 556 3574 25
575 3515 847 3588 άπαλειπομένωνΒ
