2394 3912
163 185 229 253 θλ
587 191 749 243 -ς-

162 361 230 416 τῶν
254 352 387 416 οἰκείων
409 349 430 436 ῆ
454 361 522 417 τῶν
545 352 730 437 ἀλλοτρίων
752 351 963 418 ἐλαύνεσθαι.
1002 351 1037 417 οί
1053 347 1091 416 δέ
1112 355 1166 416 Ρο-

123 457 256 546 3μύλφ
289 458 516 545 συναράμενοι
547 467 606 544 τῆς
637 462 809 544 στρατείας
836 457 890 524 ἐπὶ
916 467 963 546 τῷ
992 461 1167 543 κτήσασθαι

158 566 332 651 κρείττονα
361 573 425 649 γῆν
453 566 634 652 ὑπερεῖδον
661 574 719 650 τῆς
742 561 908 653 πατρῴας·
945 565 1041 649 ἡμεῖς
1064 562 1101 630 δέ
1118 567 1166 630 τὸν

158 672 280 737 άπολιν
302 671 358 737 καὶ
380 674 441 738 τὸν
464 669 619 738 ἀνέστιον
642 671 851 750 ἐκλείποντες
872 673 961 756 βίον,
986 672 1066 738 οὔτε
1085 677 1166 748 θεοῖς

136 778 351 863 ὁέπίφθονον
374 781 451 845 οὔτε
474 779 668 865 ἀνθρώποις
690 780 844 866 λυπηρὰν
867 779 946 845 οὔτε
969 787 1014 864 γῆ
1035 800 1103 843 τινι
1118 781 1183 859 (ia-12

160 895 255 968 ρεῖαν
278 883 458 970 στέλλομεν
480 886 647 970 ἀποικίαν,
672 882 775 968 [ἀλλ’]
801 883 880 953 οὐδὲ
899 881 946 952 δι’
969 886 1107 970 αἵματος
1121 882 1163 949 καί

159 995 277 1076 φόνων
309 992 482 1077 ἐμφυλίων
515 993 672 1070 ἐλθόντες
704 994 787 1078 πρὸς
817 995 897 1070 τοὺς
929 992 1163 1066 ἀπελαύνοντας

157 1098 252 1183 ἡμᾶς,
276 1095 357 1164 οὐδὲ
379 1097 460 1185 πυρὶ
483 1097 538 1164 καλ
562 1101 689 1187 σιδῆρφ
712 1101 921 1177 κακώσαντες
944 1100 1008 1183 τὴν
1032 1098 1161 1164 ἐκλειπο-

158 1202 263 1290 μένην
281 1214 355 1290 γῆν,
376 1203 450 1271 οὐδ’
468 1207 549 1272 ἀλλο
568 1209 788 1291 μνημόσυνον
806 1202 909 1272 οὐδὲν
924 1207 1069 1271 αἰωνίου
1081 1227 1162 1268 κατα-

121 1315 310 1390 εολιπόντες
342 1314 480 1397 ἐχθρας,
513 1313 558 1390 ὡς
589 1323 661 1390 ταῖς
689 1310 1027 1399 παρεσπονδημέναις
1055 1321 1159 1395 φυγαῖς

156 1417 211 1483 καλ
230 1420 277 1512 είς
295 1419 503 1503 ἀβουλήτους
522 1419 668 1502 ἀνάγκας
685 1421 995 1496 κατακλεισθείσαις
1011 1421 1092 1494 έθος
1105 1415 1160 1482 ἐστὶ

120 1522 250 1610 4δράν.
295 1527 401 1603 θεούς
422 1548 457 1591 τε
480 1525 783 1612 ἐπιμαρτυράμενοι
805 1523 861 1592 καὶ
884 1527 1062 1611 δαίμονας,
1084 1525 1157 1590 οἳτά

155 1632 266 1716 θνητά
297 1633 406 1696 πάντα
438 1634 520 1698 κατὰ
551 1634 649 1715 δίκην
681 1633 816 1716 ἀγουσι,
848 1631 904 1698 καὶ
936 1635 1158 1706 καταλιπόντες

157 1739 296 1815 ἐκείνοις
324 1738 579 1824 ἀναπράξασθαι
606 1740 664 1816 τάς
690 1735 774 1822 ὑπὲρ
802 1739 897 1823 ημῶν
926 1741 1039 1823 δίκας,
1067 1739 1155 1804 ἐκεῖνο

119 1859 144 1902 1⁶
155 1847 261 1929 μόνον
293 1843 465 1930 ἀξιοῦμεν,
498 1839 548 1923 οἷς
580 1845 672 1911 ἐστιν
698 1845 793 1930 ἡμῶν
821 1845 858 1910 ἐν
884 1854 924 1932 τῆ
951 1850 1050 1912 πόλει
1076 1843 1156 1910 τέκνα

153 1953 255 2035 νήπια
278 1949 333 2016 καὶ
356 1963 467 2036 γονεῖς
488 1950 544 2017 καλ
568 1959 601 2017 εί
619 1976 707 2030 τινες
730 1954 794 2037 ἀρα
817 1964 974 2036 γυναῖκες
995 1953 1079 2037 ἡμῖν
1095 1951 1152 2017 έθε-
1181 1985 1182 2065 η

153 2061 294 2142 λήσουσι
322 2070 498 2125 κοινωνεῖν
525 2069 583 2144 τῆς
609 2060 726 2144 τύχης,
761 2061 801 2124 τά
829 2056 952 2144 σώματ’
979 2059 1151 2142 ἀπολαβεῖν.

152 2163 252 2232 ταῦθ’
273 2165 354 2250 ἡμῖν
377 2165 504 2252 ἀπόχρη
529 2169 659 2250 λαβεῖν,
687 2164 743 2231 καλ
765 2164 875 2232 οὐκέτι
898 2164 1042 2242 οὐδενὸς
1063 2167 1148 2230 ἀλλον
1180 2151 1181 2208 λ

153 2273 300 2357 δεόμεθα
322 2283 390 2337 τῶν
409 2272 444 2338 ἐκ
462 2282 520 2357 τῆς
538 2274 705 2360 πατρίδος.
742 2269 814 2337 ἀλλ’
837 2272 1003 2357 εὐτυχεῖτε
1022 2270 1076 2337 καλ
1094 2275 1148 2353 ζῆτε
1179 2297 1180 2353 γ

117 2381 243 2463 εῠβίον,
273 2379 313 2445 δν
336 2377 378 2445 ἀν
401 2386 624 2465 προαιρῆσθε,
648 2380 754 2457 οὕτως
776 2379 976 2445 ἀπολίτευτα
997 2378 1054 2445 καλ
1076 2379 1147 2443 άκοι-

151 2487 283 2570 νώνητα
306 2488 389 2569 πρὸς
411 2489 491 2563 τοὺς
512 2486 767 2570 ταπεινοτέρους
789 2495 1006 2573 φρονοῦντες.

218 2592 360 2658 LXXXI.
380 2589 415 2657 ‘0
433 2589 494 2677 μὲν
513 2593 554 2676 δῆ
569 2597 717 2678 Βροῦτος
735 2593 909 2670 τοιούτους
927 2594 1031 2658 εἰπὼν
1045 2596 1147 2676 λόγους
1177 2595 1178 2641 λ

150 2697 329 2766 ἐπαύσατο·
361 2713 431 2778 τοῖς
455 2696 492 2765 δὲ
510 2708 686 2787 παροῦσιν,
710 2700 773 2768 ὅσα
790 2724 825 2766 τε
843 2699 918 2786 περὶ
937 2711 1006 2766 τῶν
1024 2701 1142 2764 δικαίων
1176 2721 1177 2785 γ

150 2804 253 2890 εἶπεν,
277 2808 388 2893 ἀληθῆ
412 2803 498 2873 εἶναι
521 2807 629 2873 ἐδόκει
651 2805 706 2872 καλ
729 2809 792 2873 ὅσα
814 2817 871 2891 τῆς
892 2807 1076 2892 ὑπεροψίας
1095 2805 1176 2871 τοῦίλλ

114 2947 141 2989 νε
151 2917 332 3002 συνεδρίου
359 2917 578 3000 κατηγόρησε,
607 2915 748 2999 μάλιστα
772 2909 802 2980 δ’
824 2914 861 2980 ἐν
885 2905 935 2991 οἷς
957 2916 994 2980 τὸ
1019 2908 1143 2999 ἀσφαλὲς

1174 3019 1175 3071 λ

223 3118 235 3163 1
257 3104 459 3175 ἐξελαύνεσθαι
478 3124 501 3163 ο.
520 3107 665 3178 Kiessling
744 3116 761 3162 4
781 3103 940 3171 ἐκλιπόντες
958 3108 1005 3162 Bb
1078 3107 1142 3159 ίιλο

148 3177 1140 3266 πψψωωωεωωωωωωὼι

149 3248 661 3390 λλλλλθῖθῆλλῖεἔλθέ.
675 3249 1017 3377 ἓλλλίελλθὲἒτ
1033 3256 1086 3374 23⁰
1102 3266 1139 3370 λ·
1172 3269 1173 3360 λ

150 3385 367 3504 ῗχχπὲάξεσθαι
384 3387 410 3440 A
500 3396 534 3443 20
552 3392 803 3461 προαιρήοεοθεΒ
894 3399 927 3447 25
946 3393 978 3448 τὸ
1001 3387 1142 3462 ἀσφαλέσσ

1164 3667 1170 3835 λ
