2400 3912
468 211 633 261 -Δ-
1016 208 1059 274 61

67 391 147 452 γοντο
170 368 320 453 ἀφανῶς·
351 367 408 436 καὶ
430 369 550 449 κάντες
567 367 664 438 τοῦθ’
687 371 723 436 οί
737 373 962 458 προσήκοντες
980 369 1060 455 ὑμῖν

68 475 259 560 ὡμολόγουν,
288 477 339 544 ὅτι
366 479 589 563 κρατήσαντες
616 479 738 544 ἐκείνοι
765 485 823 562 τῆς
850 476 953 563 ἀρχῆς
980 472 1060 544 ούόέ

66 579 175 668 σπέρμα
202 591 263 649 τοῦ
291 585 510 670 Ταρκυνιείου
537 586 773 662 καταλείψουσι
795 582 924 667 γένους.
964 585 1060 669 κηδε-

64 689 119 772 μὼν
149 686 187 756 ἀὲ
218 688 274 756 καλ
305 689 415 775 φύλαξ
444 687 555 768 οὐδεὶς
582 689 677 775 ὑμῶν
708 688 818 776 ἕτερος
845 684 903 774 ἦν,
937 690 987 756 ὅτι
1015 692 1068 777 μη

64 797 144 879 γυνή,
166 799 291 881 πατρὸς
313 799 431 881 μήτηρ,
454 795 510 862 καλ
533 796 616 881 αύτὴ
640 798 697 863 διὰ
718 805 823 882 γῆρας
846 794 967 883 ἐτέρων
987 797 1086 862 oso-⁵

65 900 131 986 μίνη
154 903 364 988 κηδεμόνων·
388 900 460 969 ἀλλ’
483 902 520 970 ἐν
543 901 617 989 ἐμοὶ
633 905 867 970 κατελείπεσθε
886 905 978 991 μόνφ
996 904 1061 988 φύ-

64 1012 124 1073 λακι
145 1019 203 1094 τῆς
226 1008 377 1094 ἐρημίαις,
401 1009 442 1076 ὃν
466 1019 532 1076 νῦν
554 1009 731 1098 ἀλλότριον
754 1008 811 1076 καὶ
833 1005 935 1078 οὐδὲν
958 1026 1061 1096 προσ-

61 1117 169 1197 ήκοντα
200 1115 384 1194 ἀποκαλεῖς.
430 1118 595 1194 τοιούτοις
626 1115 741 1202 μέντοι
771 1116 962 1203 πράγμασιν
994 1115 1095 1184 ἐπι·3

61 1221 126 1298 στάς
157 1221 222 1318 ἐγάχ
253 1224 333 1301 τούς
363 1219 393 1288 τ’
420 1223 679 1302 ἀποκτείναντας
709 1226 769 1290 τὸν
800 1223 935 1291 πάππον
965 1224 1060 1309 ὑμῶν

60 1326 301 1414 ἐτιμωρησάμην
323 1327 379 1396 καὶ
400 1329 486 1416 ὑμᾶς
509 1331 557 1408 είς
578 1331 704 1416 ἄνδρας
725 1332 853 1414 ἤγαγον
871 1329 927 1396 καὶ
944 1340 1061 1414 γενεᾶς
1076 1343 1101 1384 1⁰

60 1434 187 1519 ἀρρενος
219 1436 281 1520 οὐχ
307 1436 521 1523 ὑπαρχούσης
547 1446 614 1502 τῶν
642 1436 788 1522 ἐμαυτοῦ
814 1438 954 1523 κυρίους
980 1457 1061 1524 προ·

59 1543 184 1625 ειλόμην
215 1552 358 1627 ποιῆσαι.
401 1544 485 1627 ἔχεις
511 1544 571 1609 τὸν
597 1551 656 1627 τῆς
683 1541 859 1628 ἐπιτροπῆς
886 1545 1005 1627 λόγον,
1034 1538 1060 1609 ὦ

62 1649 224 1733 Ταρκύνιε,
247 1647 303 1714 καί
326 1650 388 1716 οάκ
411 1647 453 1716 ἀν
477 1649 717 1737 ἐπιχειρήσειας
735 1651 851 1732 εἰπεῖν,
875 1650 920 1727 ὡς
939 1649 1060 1727 ψεύδο-

59 1757 109 1834 μαί
128 1777 159 1818 τι
181 1756 319 1822 τούτων.
870 1777 875 1782 ·

115 1860 285 1928 ΧΧΧΠΠ.
322 1861 407 1950 Περὶ
442 1860 480 1930 δὲ
511 1871 569 1949 της
599 1865 784 1947 βασιλείας,
821 1862 934 1947 ἐπειδὴ
966 1861 1056 1929 τοῦτ’
1075 1877 1100 1918 1⁵

26 1963 149 2051 ιιοέσιιν,
172 1967 190 2034 ὃ
213 1980 409 2055 κατηγορεῖς
430 1993 507 2055 μου,
530 1971 688 2053 ἀλονσον,
712 1970 800 2048 ὅπως
822 1965 852 2033 τ’
869 1969 970 2054 αὐτῆς
989 1973 1060 2038 ἐτυ-

58 2097 120 2156 χον,
141 2073 198 2140 καλ
221 2069 266 2140 δι’
288 2074 327 2152 ἀς
349 2077 455 2153 αίτίας
477 2074 555 2142 οὔθ’
577 2075 658 2160 ὑμῖν
683 2072 754 2140 οὔτ’
775 2077 865 2162 ἀλλςα
888 2073 955 2140 τινλ
978 2083 1060 2160 μεθ-

58 2183 144 2265 ίεμαι.
190 2182 245 2248 ὅτε
281 2191 342 2268 την
379 2181 566 2267 ἐπιμέλειαν
602 2191 660 2266 τῆς
695 2185 822 2258 πόλεως
858 2179 1060 2266 παρέλαβον,

58 2288 251 2373 αἰσθόμενος
278 2287 455 2371 ἐπιβουλάς
481 2311 575 2365 τινας
601 2285 672 2354 κατ’
698 2287 844 2372 ἐμαυτοῦ
871 2286 1060 2372 γινομένας,

56 2395 258 2476 παραδοῦναι
289 2401 334 2482 τῷ
366 2395 460 2481 δήμῳ
491 2395 531 2458 τά
561 2391 724 2481 πράγματ’
757 2392 964 2477 ἐβουλήθην·
1005 2393 1060 2460 καὶ
1074 2411 1101 2450 20

57 2501 248 2585 συναγαγὼν
279 2501 427 2578 ἅπαντας
453 2500 501 2577 είς
529 2498 704 2583 ἐκκλησίαν
731 2499 915 2566 ἀπεδίδουν
948 2501 1061 2580 αὐτοῖς

57 2605 110 2688 την
135 2605 242 2694 ἀρχὴν
269 2605 344 2674 ἀντὶ
370 2615 429 2691 τῆς
455 2606 645 2691 ἐπιφθόνου
672 2608 793 2692 ταύτης
817 2605 874 2673 καὶ
895 2611 998 2674 πλείω
1021 2611 1061 2674 τά

59 2715 178 2800 λυπηρά
205 2724 274 2782 τῶν
296 2712 406 2798 ἡδέων
429 2712 569 2798 ἐχούσης
590 2714 770 2798 ἡγεμονίας
792 2714 854 2797 την
877 2705 1061 2782 ἀκίνδυνον

59 2817 429 2906 ἀντικαταλλασσόμενος
447 2820 599 2905 ἡσυχίαν.
637 2820 699 2886 οὐκ
714 2819 896 2905 ἠνέσχοντο
906 2817 1060 2907 Ῥωμαῖοι
1075 2841 1095 2902 2

61 2927 151 2991 ταῦτά
176 2951 242 3012 μον
266 2928 422 3013 πράττειν
446 2924 657 3012 βουλομένου
681 2922 755 2992 οὐδ’
776 2926 923 3010 ἠξίωσαν
946 2927 1060 3013 ἕτερόν
1075 2961 1100 3000 25

61 3053 125 3099 τινα
146 3043 212 3100 τῶν
235 3045 361 3100 κοινῶν
384 3033 555 3113 ἀποδεῖξαι
577 3033 705 3119 κύριον,
730 3029 803 3099 ἀλλ’
825 3031 881 3118 ἐμέ
899 3032 1060 3118 κατέσχον

121 3266 137 3314 3
157 3263 318 3331 Ταρκυνίου
335 3262 411 3318 ABa
449 3263 624 3332 Ταρκννείου
641 3260 689 3313 Bb
729 3262 915 3328 Ταρκυνιείου
934 3260 1038 3316 Reiske
1055 3263 1058 3334 Ι

60 3333 236 3402 καταλίιγοοσι
253 3333 300 3388 Ba
354 3335 587 3390 όκατελείπεσάε
607 3332 652 3386 Bb
684 3333 901 3386 κατελείπεοθαι
921 3333 967 3388 Ba
994 3353 1061 3388 κατ-

60 3403 179 3458 ελίπεσθε
196 3403 223 3458 Α
259 3405 463 3473 κατελείφάητε
482 3403 532 3458 OD
591 3400 678 3472 8μέν
696 3401 797 3465 τοῖςΑ
834 3400 970 3472 μέντοιΒ
1026 3410 1060 3460 24

60 3471 241 3545 <ίγ>νέσχοντο
260 3475 282 3527 Β
319 3473 471 3546 ἀνέσχοντο
489 3475 514 3529 R
