2400 3912
469 999 789 1074 PRAEFATIO.

575 1159 682 1170 ——un-

189 1263 284 1329 Nunc
308 1265 436 1329 demum
460 1269 570 1330 tomus
591 1265 675 1330 alter
693 1263 790 1328 huius
810 1263 961 1329 editionis
982 1265 1016 1329 in
1034 1265 1139 1331 lucem

118 1370 245 1456 prodit,
273 1391 368 1454 quem
397 1372 572 1456 quominus
600 1371 692 1455 prius
716 1369 843 1434 ederem
867 1372 963 1435 rebus
989 1371 1140 1457 gravissi·

118 1478 184 1542 mis
211 1497 330 1562 magno
359 1499 432 1542 cum
460 1499 533 1543 meo
563 1477 674 1543 dolore
699 1477 874 1561 impeditus
898 1499 978 1542 sum.
1025 1475 1138 1562 Neque

117 1605 198 1649 vero
222 1583 328 1648 multa
352 1583 391 1647 ad
416 1605 463 1667 ea,
488 1604 570 1668 quae
594 1584 629 1647 in
651 1581 851 1667 praefatione
870 1583 952 1648 tomi
970 1584 1070 1668 primi
1089 1607 1140 1648 ex-

120 1695 222 1774 stant,
242 1690 386 1755 addenda
400 1689 550 1754 videntur
565 1709 644 1774 esse,
659 1693 886 1776 praeterquam
902 1691 988 1774 quod
1002 1689 1139 1776 Mevius,

117 1797 172 1861 vir
203 1796 409 1861 doctissimus
443 1799 476 1860 et
507 1795 654 1861 codicum
686 1795 951 1862 conferendorum
979 1799 1139 1882 peritissi-

122 1923 206 1984 mus,
230 1902 476 1988 diligentissime
503 1906 601 1988 atque
621 1903 863 1967 accuratissime
882 1903 1026 1968 codicem
1046 1903 1140 1969 Urbi-

120 2011 231 2072 natem
264 2006 306 2094 (Β
331 2007 410 2094 105)
448 2031 521 2073 meo
555 2005 688 2093 sumptu
721 2008 825 2073 denuo
858 2011 1011 2094 contulit,
1048 2011 1139 2075 cuius

120 2113 330 2186 diversitates
352 2137 418 2180 non
443 2135 555 2182 omnes
578 2115 653 2180 illas
677 2115 817 2201 quidem,
841 2115 896 2179 sed
920 2138 1002 2200 quae
1023 2120 1139 2181 notatu

38 2218 45 2230 ’
122 2219 306 2300 viderentur
328 2241 398 2284 esse
417 2220 586 2306 digniores
603 2221 638 2284 in
658 2220 924 2285 adnotationibus
945 2243 1138 2287 commemo-

118 2325 200 2390 ravi.
254 2325 341 2402 Quas
380 2326 508 2410 quidem
546 2348 617 2392 esse
655 2327 822 2392 uberiores
861 2349 959 2410 quam
996 2328 1030 2391 in
1067 2327 1139 2392 aliis

120 2431 284 2497 Teubneri
309 2430 507 2498 editionibus
532 2434 696 2499 neminem
720 2455 814 2518 spero
838 2434 975 2498 moleste
994 2434 1138 2499 laturum

120 2559 199 2604 esse.
223 2575 267 2584 -—
290 2537 330 2603 In
356 2539 618 2623 interpunctione
647 2539 873 2604 constituenda
901 2539 1077 2605 aReiskio
1106 2545 1139 2605 et

121 2645 332 2731 Kiesslingi0‚
354 2667 492 2729 quorum
512 2646 626 2711 modus
645 2645 898 2731 interpungendi
917 2647 1038 2713 rationi
1056 2648 1139 2712 mul·

118 2752 163 2816 tis
196 2751 279 2817 locis
316 2772 496 2837 repugnare
533 2753 710 2835 videretur,
749 2752 934 2838 discrepare
967 2754 1137 2819 consilium

119 2880 229 2923 meum
253 2858 330 2943 fuit,
352 2879 458 2943 neque
482 2859 609 2923 hiatum
633 2859 763 2943 saepius
787 2881 884 2944 quam
909 2865 1003 2924 antea
1021 2860 1137 2924 tollere

121 2964 278 3030 dubitavi.

186 3070 321 3137 Praeter
344 3072 520 3138 editionem
540 3071 677 3155 denique
695 3069 929 3154 Parisiensem‚
948 3092 1044 3156 quam
1064 3093 1136 3135 cum

117 3178 178 3242 alii
205 3181 275 3243 tum
301 3179 371 3264 ipse
391 3177 551 3264 recensui,
579 3200 651 3243 curn
679 3178 720 3241 ab
743 3200 829 3243 anno
852 3176 938 3243 1885
961 3177 1044 3241 nihil
1069 3177 1137 3242 fere

116 3284 243 3350 editum
269 3285 325 3369 sit,
354 3286 441 3370 quod
463 3285 526 3350 hoc
550 3286 622 3350 loco
647 3284 781 3371 dignum
805 3288 891 3348 esset
914 3284 1137 3368 compluribus

116 3391 243 3475 verbis,
268 3392 400 3456 nomina
423 3395 552 3457 tantum
576 3413 687 3457 eorum
711 3391 885 3474 librorum,
909 3389 964 3474 qui
988 3390 1137 3475 Antiqui·

113 3502 209 3563 tates
233 3498 410 3583 attingunt,
432 3499 480 3564 ita
504 3499 646 3582 afferam,
669 3501 707 3562 ut
729 3498 868 3563 indicem
893 3497 1089 3562 continuem:
