2400 3912
476 234 639 283 -Δ-
1023 191 1117 295 ετ

66 395 231 469 καλοῦντες
258 391 297 458 ἐκ
317 415 352 458 τε
377 401 436 458 τοῦ
459 393 641 477 δημοτικοῦ
663 393 816 475 πλήθους
838 396 918 469 τοὺς
940 391 1068 476 ἀπορω·

65 497 179 581 τάτους,
203 489 255 575 οἷς
274 497 416 576 οὐδενὸς
433 510 501 564 τῶν
519 500 660 565 δικαίων
679 497 819 586 φροντὶς
832 496 885 584 ήυ,
903 502 1068 584 χρήμασιν

65 601 274 688 ἐξωνούμενοι
304 602 360 670 καὶ
394 602 474 672 ούδέ
501 605 639 690 ἀφανῶς
666 604 786 672 ἕκαστα
812 607 941 672 τούτων
968 605 1067 690 πράτ-

63 733 171 787 τοντες.
217 719 322 776 ταῦτα
353 709 386 777 δ’
421 711 512 797 δρῶν
545 711 563 778 ὁ
597 713 738 789 Τύλλιος
768 712 900 796 ήχθετο
923 708 984 795 μὲν
1011 709 1104 776 καλό

63 815 126 901 περὶ
156 815 280 883 ἑαυτοῦ
307 817 440 901 δεδιώς,
473 823 507 884 εί
530 841 562 882 τι
589 821 736 883 πείσεται
762 819 1101 903 προκαταληφθείςε

63 921 228 1005 ἠγανάκτει
251 919 285 988 δ’
312 924 374 1009 οὐχ
396 925 524 1007 ήκιστα,
548 926 580 990 εέ
600 922 747 1010 θυγατρὶ
769 921 824 990 καὶ
847 927 983 1011 γαμβρῷ
1008 943 1068 989 πο-

63 1033 162 1112 λεμεῖν
190 1028 481 1114 ἀναγκασθήσεται
509 1027 565 1096 καί
588 1033 747 1115 τιμωρίας
770 1029 814 1108 ὡς
836 1027 913 1115 παρ’
936 1029 1069 1117 ἐχθρῶν

61 1136 250 1220 λαμβάνειν,
278 1136 437 1214 πολλάκις
465 1138 545 1222 μετὰ
571 1147 639 1202 τῶν
666 1140 776 1222 φίλων
798 1137 1069 1222 προκαλούμενος

62 1242 100 1318 εἰς
120 1244 244 1328 λόγους
266 1244 327 1308 τὸν
344 1243 545 1327 Ταρκύνιον,
568 1240 624 1308 καὶ
646 1244 687 1308 τά
709 1239 771 1327 μὲν
790 1242 950 1327 ἐγκαλῶν,
972 1244 1012 1308 τὰ
1031 1238 1069 1308 δέ

61 1353 242 1432 νουθετῶν,
269 1350 310 1413 τὰ
332 1345 371 1414 δέ
394 1351 525 1414 πείθων
548 1345 654 1432 μηδὲν
677 1349 724 1426 είς
747 1346 867 1414 ἑαυτὸν
890 1347 1067 1434 ἐξαμαρτά-
1078 1369 1106 1407 1⁰

60 1473 136 1519 νειυ·
178 1455 224 1531 ὡς
252 1451 283 1519 δ’
311 1453 352 1520 ού
379 1453 555 1539 προσεῖχεν
586 1455 674 1543 αύτῷ
701 1455 764 1538 τήν
791 1455 961 1537 διάνοιαν,
994 1450 1066 1519 ἀλλ’

61 1558 104 1624 ἐπὶ
120 1569 179 1645 τῆς
198 1563 323 1644 βουλῆς
341 1562 405 1646 ἔφη
424 1561 465 1626 τὰ
485 1561 597 1626 δίκαια
610 1561 693 1642 πρὸς
707 1560 810 1626 αὐτὸν
824 1559 924 1645 ἐρεῖν,
948 1576 1068 1643 συγκα-

60 1664 148 1744 λέσας
168 1668 207 1731 τὸ
227 1664 420 1752 συνέδριον·
448 1665 600 1751 Ἄνδρες,
624 1668 700 1751 ἔφη,
724 1669 912 1750 βουλευταί,
941 1667 1105 1754 Ταρκύ-7

61 1795 123 1850 νιος
159 1771 306 1858 ἑταιρίας
342 1770 391 1838 ἐπ’
424 1769 481 1857 ἐμὲ
512 1773 670 1855 συνάγων
701 1770 757 1838 καὶ
789 1773 1070 1858 προθυμούμενος

60 1877 203 1962 ἐκβαλεῖν
227 1903 267 1964 με
289 1887 347 1963 τῆς
370 1878 472 1963 ἀρχῆς
491 1877 687 1963 Ικαταφανής
709 1877 829 1963 γέγονέ
848 1904 913 1965 μοι.
950 1879 1070 1963 βούλο-

61 2009 110 2066 μαι
132 1983 169 2052 δέ
192 1985 329 2052 πάντων
349 1985 444 2070 ὑμῶν
462 1988 639 2071 παρόντων
657 1992 781 2069 μαθεῖν
799 1983 876 2071 παρ’
899 1985 1014 2070 αὐτοῦ,
1037 1987 1074 2051 τί
1079 2016 1108 2057 ιο

60 2093 230 2168 πεπονθὼς
262 2092 332 2178 ἰδίᾳ
363 2091 467 2158 κακὸν
495 2091 516 2175 ή
542 2094 579 2156 τί
601 2092 664 2175 τήν
690 2094 790 2157 πόλιν
816 2092 908 2175 δρῦν
935 2092 1070 2158 ἀδικου-

26 2194 157 2282 ίεομέυήν
183 2194 242 2263 ὑπ’
264 2197 347 2282 ἐμοῦ
369 2193 461 2264 ταῦτ’
484 2191 534 2263 ἐπ’
555 2195 629 2282 ἐμοὶ
652 2206 845 2282 μηχανᾶται.
892 2198 1070 2284 ἀπόκριναι

63 2304 112 2387 δή,
138 2306 318 2391 Ταρκύνιε,
341 2301 447 2389 μηδὲν
470 2303 762 2390 ἀποκρυψάμενος,
787 2305 823 2368 τί
842 2327 908 2388 μου
930 2328 1069 2387 κατήγο-

63 2419 126 2492 ρείυ
148 2413 243 2496 ἐγεις,
268 2410 383 2494 ἐπειδή
405 2411 547 2487 τούτους
569 2409 682 2492 ἠξίους
705 2409 853 2476 ἀκοῦσαι.

120 2517 238 2584 ΧΧΧΙ.
261 2515 362 2602 Λέγει
375 2517 459 2602 πρὸς
474 2515 578 2582 αὐτὸν
591 2515 610 2580 ό
625 2517 822 2601 Ταρκύνιος·
836 2516 969 2601 Βραχύς
978 2515 1068 2582 ἐστιν
1078 2548 1108 2586 ιο

63 2621 79 2685 ὁ
102 2621 176 2709 παρ’
204 2622 288 2708 ἐμοῦ
316 2625 430 2707 λόγος,
459 2618 485 2687 ὦ
512 2623 646 2705 Τύλλιε,
675 2620 731 2687 καὶ
754 2623 894 2698 δίκαιος·
930 2619 986 2688 καί
1014 2623 1069 2687 διὰ

61 2737 151 2795 τοῦτο
178 2730 384 2816 προειλόμην
411 2728 515 2796 αὐτὸν
542 2728 589 2805 είς
614 2728 755 2806 τούτους
778 2726 942 2814 ἐκφέρειν,
985 2733 1068 2814 Ταρ-

62 2835 166 2914 κύνιος
189 2835 268 2920 ἐμὸς
291 2835 340 2901 ὢν
363 2835 494 2912 πάππος
517 2833 675 2919 ἐκτήσατο
698 2835 760 2918 τήν
773 2831 944 2920 Ῥωμαίων
963 2833 1069 2920 ἀρχήν

62 2944 197 3020 πολλοὺς
223 2940 281 3008 καὶ
307 2941 472 3026 μεγάλους
499 2940 630 3024 ἀγῶνας
657 2937 740 3027 ὑπὲρ
768 2941 869 3025 αύτής
892 2940 1068 3026 ἀράμενος·

63 3043 183 3116 ἐκείνου
215 3050 473 3132 τελευτήσαντος
504 3045 569 3129 ἐγὼ
602 3046 758 3130 διάδοχός
788 3048 855 3131 είμι
881 3047 963 3111 κατά
990 3050 1107 3125 τούςεε

63 3158 188 3232 κοινοὺς
215 3153 373 3222 ἁπάντων
392 3149 561 3236 Ἑλλήνων
588 3175 623 3218 τε
650 3149 706 3218 καί
728 3153 907 3239 βαρβάρων
929 3155 1068 3237 νόμους·

125 3347 210 3402 8καέ
226 3345 362 3410 πολλάκις
380 3344 402 3400 O
418 3343 575 3436 praeternss
633 3351 666 3399 10
685 3339 786 3400 ἑαυτὸν
803 3344 850 3397 Ba
885 3345 973 3434 ριύτδν
990 3345 1068 3402 ABb

63 3421 93 3469 14
110 3419 275 3488 συναγαγὼν
294 3417 317 3473 0
354 3434 484 3486 σύναγον
503 3413 643 3470 Bucheler
698 3422 733 3471 23
751 3415 803 3485 τὴν
821 3423 878 3472 τῶν
895 3417 1069 3487 ΡωμαίωνΒ

63 3491 92 3538 25
109 3487 247 3559 ἀράμενος
264 3505 299 3543 ex
317 3485 469 3558 αἰρόμενος
486 3485 509 3539 Β
848 3515 852 3524 -
