2384 3902
142 218 209 282 252
570 219 734 268 -E-
842 281 844 286 .

40 401 43 408 ·
142 383 221 456 τοὺς
250 383 398 462 βασιλεῖς
425 377 481 444 καὶ
507 380 783 462 θεμιστοπόλους.
826 375 883 444 καὶ
910 377 1008 464 μέχρι
1035 380 1155 443 πολλοῦ

143 484 298 570 διέμενον
326 483 379 551 ἐπὶ
407 484 521 570 ῥητοῖς
546 500 636 550 τισιν
663 484 702 550 αί
726 487 892 567 βασιλεῖαι
920 484 1153 568 διοικούμεναι,

142 591 294 673 καθάπερ
322 591 343 674 ἡ
371 593 663 675 Λακεδαιμονίων·
704 589 901 676 ἀρξαμένων
929 590 971 656 δέ
994 614 1103 656 τινων
1127 589 1154 654 ἐν

142 709 214 774 ταῖς
242 697 407 777 ἐξουσίαις
428 700 633 780 πλημμελεῖν
655 694 712 762 καί
733 699 851 782 νόμοις
873 694 935 781 μὲν
959 697 1057 780 ὀλίγα
1080 719 1154 781 χρω-

70 809 73 816 “
115 824 128 864 ε
143 803 265 889 μένων,
287 815 360 880 ταῖς
383 798 414 868 δ’
432 801 560 869 ἑαυτῶν
578 804 727 887 γνώμαις
744 805 785 868 τὰ
802 805 910 870 πολλὰ
929 803 1152 883 διοικούντων,

144 910 410 994 δυσχεράναντες
438 910 519 975 ὅλον
548 910 587 974 τὸ
614 916 750 995 πρᾶγμα
777 909 814 974 οί
833 907 954 976 πολλοὶ
976 906 1153 990 κατέλυσαν

143 1013 205 1100 μὲν
233 1017 273 1080 τά
302 1016 456 1098 βασιλικά
478 1015 717 1099 πολιτεύματα,
748 1017 875 1099 νόμους
898 1012 935 1081 δὲ
958 1015 1184 1098 καταστησά-ιοι

144 1144 240 1206 μευοι
267 1120 324 1186 καί
351 1120 453 1205 ἀρχάς
480 1119 728 1204 ἀποδείξαντες,
758 1123 894 1198 ταύταις
920 1121 1069 1208 ἐχρῶντο
1096 1132 1152 1186 τῶν

108 1231 273 1294 δπόλεων
302 1231 475 1311 φυλακαῖς.
521 1224 592 1292 ἐπεὶ
621 1221 652 1291 δ’
679 1227 741 1292 οὐκ
768 1227 943 1314 αὐτάρκεις
969 1224 1059 1311 ἦσαν
1088 1228 1152 1292 οὐτε

15 1415 20 1424 .
104 1353 130 1393 10
144 1334 180 1399 οί
199 1332 355 1409 τεθέντες
371 1329 429 1397 ὑπ’
449 1332 560 1399 αὐτῶν
578 1334 678 1418 νόμοι
697 1336 857 1417 βεβαιοῦν
874 1335 912 1400 τὸ
932 1336 1068 1400 δίκαιον
1087 1335 1151 1398 οὐτε

145 1440 180 1505 οί
204 1441 263 1517 τδις
290 1439 392 1525 άρχδις
418 1437 474 1504 καὶ
501 1440 559 1515 τὰς
587 1438 772 1522 ἐπιμελείας
800 1441 912 1506 αὐτῶν
934 1442 1152 1526 λαμβάνοντες

144 1549 287 1632 βοηθεῖν
314 1557 385 1623 τοῖς
406 1548 538 1630 νόμοις,
568 1547 658 1611 οἵτε
679 1544 791 1632 καιροὶ
814 1548 921 1612 πολλὰ
943 1554 1152 1632 νεοχμοῦντες

145 1652 186 1717 οὐ
213 1654 253 1717 τά
280 1653 438 1739 κράτιστα
464 1663 532 1717 τῶν
560 1653 826 1736 πολιτευμάτων,
859 1653 943 1719 άλλδι
969 1655 1014 1718 τά
1033 1675 1151 1740 πρεπο·

146 1756 284 1823 δέστατα
324 1771 396 1836 ταῖς
435 1759 771 1843 καταλαμβανούσαις
809 1759 932 1836 αὐτοὺς
969 1763 1151 1844 συντυχίαις

40 1953 44 1960 ι
91 1881 130 1923 ‘15
145 1863 331 1946 ἠνάγκαζον
364 1866 549 1950 αἱρεῖσθαι,
583 1864 624 1930 οὐ
656 1866 763 1948 μόνον
796 1863 833 1930 ἐν
864 1861 937 1942 ταῖς
964 1865 1151 1949 ἀβουλήτοις

145 1982 345 2056 συμφοραῖς,
368 1970 452 2036 άλλδι
474 1970 538 2036 κάν
560 1981 632 2048 ταῖς
655 1971 944 2056 ὑπερβαλλούσαις
965 1973 1004 2036 τὸ
1028 1970 1151 2056 μέτριον

144 2077 325 2161 εὐτυχίαις,
359 2076 653 2162 διαφθειρομένων
682 2073 726 2141 δι’
756 2077 858 2154 αὐτοῖς
885 2087 955 2142 τῶν
982 2084 1150 2143 πολιτικῶν

143 2184 289 2267 κόσμων,
313 2175 363 2261 οἷς
386 2181 652 2267 ἐπανορθώσεως
674 2186 806 2268 ταχείας
827 2180 882 2248 καὶ
904 2183 1150 2268 αὐτογνώμονος

145 2291 227 2372 ἔδει,
255 2289 480 2372 ἠναγκάζοντο
508 2289 670 2376 παράγειν
696 2289 797 2355 πάλιν
825 2290 884 2365 τάς
911 2292 1083 2373 βασιλικάς
1102 2286 1149 2354 καὶ

106 2415 132 2454 το
144 2398 346 2481 τυραννικὰς
369 2395 520 2474 ἐξουσίας
539 2397 586 2472 είς
603 2394 716 2479 μέσον,
741 2395 883 2479 ὀνόμασι
901 2397 1149 2480 περικαλύπτου-

144 2525 198 2578 τες
217 2502 319 2580 αὐτάς
337 2485 620 2586 εὐπρεπεστέροις,
644 2500 803 2567 Θετταλοὶ
822 2498 883 2586 μὲν
902 2501 1038 2586 άρχούς,
1056 2507 1189 2568 Δανα-10

89 2633 91 2638 ·
145 2609 321 2692 δαιμόνιοι
342 2607 373 2673 δ’
396 2608 564 2694 ἁρμοστάς
586 2612 780 2688 καλοῦντες,
809 2609 1021 2692 φοβούμενοι
1042 2609 1148 2694 τυράν-

143 2738 226 2790 νους
247 2714 268 2799 ἣ
292 2719 438 2799 βασιλεῖς
462 2715 584 2790 αὐτοὺς
605 2717 731 2798 καλεῖν,
757 2714 802 2791 ώς
825 2712 898 2780 οὐδ’
922 2715 1021 2782 ὅσιον
1044 2721 1147 2799 σφίσιν

144 2820 307 2906 ὑπάρχον,
329 2821 368 2898 ἃς
390 2819 576 2886 κατέλυσαν
599 2819 750 2899 ἐξουσίας
774 2822 886 2908 ὅρκοις
904 2819 961 2886 καὶ
980 2822 1072 2907 ἀραῖς
1088 2822 1145 2887 ἐτι-

218 3057 229 3104 l
251 3052 369 3119 θεμιστο
387 3048 506 3111 πολλοὺς
524 3047 572 3102 Ba,
635 3053 651 3102 δ
671 3044 703 3102 δὲ
722 3048 816 3102 αὐτῶν
836 3046 858 3101 Ο
914 3053 930 3102 ’λ
949 3047 1001 3112 τὰς
1019 3047 1142 3121 βασιλείας

144 3120 193 3176 καὶ
211 3120 243 3174 τδ
260 3123 415 3190 πολίτευμα
434 3119 498 3187 A(?)
527 3118 563 3172 τδι
582 3120 726 3191 βασιλεικα
745 3117 935 3188 πολιτεύματα
952 3119 1001 3173 Ba
1027 3119 1061 3173 τὰ
1077 3120 1140 3190 βασι-

145 3190 209 3244 λικὰ
226 3209 255 3244 π.
274 3191 322 3243 Bb
379 3196 411 3243 15
430 3189 517 3242 verba
534 3188 601 3242 inde
621 3190 657 3242 ab
675 3187 836 3258 ἠνάγκαζον
855 3206 944 3257 usque
963 3190 1001 3243 ad
1020 3189 1140 3258 εὐτυχίαις

146 3276 199 3312 om.
219 3259 266 3310 Ba
293 3259 357 3313 add.
381 3259 428 3312 Bb
455 3259 485 3310 in
512 3275 577 3326 mge
607 3260 787 3329 superncript.
815 3261 947 3329 κείμενον
1039 3267 1069 3314 16
1086 3256 1138 3325 κάν]

147 3327 196 3380 καὶ
214 3327 237 3377 Β
253 3328 258 3396 l
274 3326 374 3397 με’τρον
399 3344 422 3380 c.
441 3327 545 3380 Reiske
628 3335 659 3383 17
681 3326 721 3384 δι’
737 3329 825 3392 αὐτὰς
842 3329 919 3384 ΑΒα
956 3327 989 3385 δὲ
1008 3327 1138 3391 αὐτὰςΒῦ

149 3395 330 3514 ἑζοᾷρξαις)
353 3395 400 3448 Bb
482 3403 515 3449 21
540 3399 643 3467 ἀρχούς
666 3398 688 3453 0
730 3401 833 3470 ταγούς
854 3399 994 3454 ΒδελιεΙοε
1016 3399 1140 3469 Stephano
