2394 3912
545 225 706 278 -ς..

122 385 178 452 καὶ
206 396 276 463 τοῖς
299 385 488 471 ἐπιτρόποις
511 386 616 453 αὐτοῦ
637 397 705 453 τῶν
727 389 857 454 παίδων
880 386 1137 473 βουλευομένοις

122 493 236 572 ἔδοξεν
264 492 308 569 ῶς
331 491 390 557 ἕνα
418 502 486 557 τῶν
512 498 647 558 πολλῶν
669 494 809 571 εὐτελῶς
832 492 1001 579 ἐκκομίσαι
1023 518 1057 560 τε
1080 494 1137 560 καὶ

121 586 240 678 θάψαι.
274 599 315 664 ού
334 597 448 684 μέντοι
467 623 504 683 γε
523 600 542 665 δ
561 601 664 684 δῆμος
682 606 803 685 είασευ,
828 601 910 666 ἀλλά
928 601 1172 686 συναγαγόν-2

119 731 175 784 τες
203 707 238 771 οί
263 708 425 791 δήμαρχοι
453 707 490 771 τὸ
517 710 647 790 πλῆθος
675 709 723 784 είς
750 706 926 792 ἐκκλησίαν
953 707 1136 775 καὶπολλὰ

122 816 314 889 διελθόντες
342 811 486 898 ἐγκώμια
514 824 581 879 τῶν
608 838 644 880 τε
672 816 754 880 κατά
776 817 922 900 πόλεμον
946 818 1053 902 ἔργων
1075 825 1162 882 τού5

122 920 246 1005 ἀνδρὸς
267 917 323 985 καί
346 931 413 985 τῶν
435 926 626 1004 πολιτικῶν,
649 922 711 1004 τήν
733 945 768 987 τε
786 923 1012 1008 σωφροσύνην
1032 924 1135 990 αὐτοῦ

121 1025 177 1092 καὶ
204 1029 266 1112 τήν
294 1030 446 1111 λιτότητα
473 1036 534 1093 τοῦ
557 1030 650 1112 βίου,
680 1029 820 1113 μάλιστα
844 1027 881 1094 δὲ
903 1031 965 1113 τήν
988 1031 1035 1107 είς
1057 1055 1135 1117 χρη-

38 1134 286 1219 1264ματισμὸν
314 1133 505 1218 ἐγκράτειαν
533 1133 586 1200 ἐπὶ
612 1139 771 1220 μήκιστον
793 1137 932 1222 ἄραντες
953 1149 1023 1214 τοῖς
1045 1137 1135 1203 ἐπαί-

120 1264 210 1324 νοις,
239 1247 410 1326 αίσχιστον
439 1244 569 1327 ἐφησαν
597 1237 683 1308 εἶναι
710 1253 777 1308 τῶν
804 1244 1005 1330 πραγμάτων
1028 1246 1136 1331 ἀνδρα

120 1353 318 1432 τηλικοῦτον
349 1347 478 1433 ἀσήμου
505 1347 561 1413 καὶ
590 1358 748 1434 ταπεινῆς
776 1352 910 1434 κηδείας
936 1361 1048 1435 τυχείυ
1079 1351 1135 1416 διά
1150 1366 1176 1404 1⁰

121 1459 252 1521 πενίαν·
285 1451 476 1541 παρῄνεσάν
503 1479 538 1521 τε
565 1463 610 1544 τῷ
640 1458 733 1544 δήμῳ
756 1457 818 1539 τήν
842 1457 994 1540 δαπάνην
1019 1456 1136 1523 ἀναδέ-

123 1562 257 1646 ξασθαι,
279 1560 335 1627 καὶ
358 1574 621 1646 συνεισενεγκεῖν
643 1558 714 1629 κατ’
736 1563 853 1649 ἀνδρα,
877 1562 958 1628 ὅσον
979 1561 1021 1629 ἀν
1040 1563 1136 1630 αὐτοὶ

121 1669 253 1748 τάξωσι.
281 1680 351 1746 τοῖς
370 1665 403 1734 δ’
425 1669 609 1736 ἀκούσασιν
628 1672 773 1755 ἀσμενον
787 1666 929 1754 ἐγίνετο,
946 1668 1002 1735 καὶ
1019 1671 1135 1736 αὐτίκα
1150 1670 1170 1733 3

124 1777 287 1863 φέροντος
314 1775 453 1842 ἑκάστου
480 1779 517 1843 τὸ
540 1774 665 1863 ταχθὲν
686 1778 773 1844 πολύ
796 1800 828 1842 τι
850 1785 959 1863 χρῆμα
982 1780 1135 1862 συνήχθη

125 1887 299 1970 διαφόρου.
340 1890 497 1967 μαθοῦσα
527 1880 563 1948 δὲ
595 1883 692 1950 τοῦθ’
724 1885 745 1969 ή
772 1886 877 1969 βουλή
906 1882 951 1950 δι’
978 1885 1137 1969 αίσχύνης
1151 1898 1176 1938 1⁵

126 1991 163 2055 τὸ
188 2000 321 2076 πρᾶγμα
351 1991 447 2073 ἔλαβε
470 1988 525 2055 καὶ
548 1992 657 2075 ἔκρινε
680 1993 723 2076 μή
746 1989 817 2057 κατ’
840 1993 947 2078 ἀνδρα
971 1991 1136 2080 ἐρανισμῷ

125 2098 183 2162 τὸν
218 2095 481 2181 ἐπιφανέστατον
508 2093 678 2180 Ῥωμαίων
714 2099 876 2182 περιιδεῖν
912 2099 1136 2181 θαπτόμενον,

125 2203 196 2269 ἀλλ’
217 2204 253 2269 ἐκ
274 2215 342 2269 τῶν
365 2204 536 2287 δημοσίων
555 2203 726 2269 ἐδικαίωσε
745 2205 783 2269 τὸ
802 2204 960 2289 ἀνάλωμα
977 2201 1135 2286 γενέσθαι

124 2322 192 2388 τοῖς
214 2297 345 2396 ταμίαις
363 2308 562 2396 ἐπιτρέψασα
580 2311 642 2394 τήν
661 2309 857 2395 ἐπιμέλειαν.
895 2311 931 2375 οί
948 2307 985 2376 δέ
1003 2315 1136 2376 πολλῶν

123 2419 213 2484 πάνυ
239 2419 469 2503 μισθώσαντες
497 2417 673 2503 χρημάτων
700 2418 758 2494 τάς
785 2417 931 2502 παροχὰς
960 2419 1071 2506 κόσμῳ
1101 2441 1135 2484 τε
1150 2433 1177 2472 2⁰

87 2606 89 2609 ι
124 2527 390 2614 πολυτελεστάτῳ
413 2525 639 2608 κοσμήσαντες
662 2523 765 2589 αὐτοῦ
788 2525 826 2588 τὸ
845 2533 939 2607 σῶμα
956 2520 1011 2588 καὶ
1029 2525 1136 2589 πάντα

124 2634 164 2697 τά
187 2634 286 2697 λοιπά
310 2633 606 2718 ἐπιχορηγήσαντες
629 2632 677 2707 είς
697 2629 981 2716 μεγαλοπρέπειαν
1005 2633 1137 2709 ἔθαψαν

57 2726 64 2736 Ν
126 2739 228 2805 αὐτὸν
267 2738 364 2818 ἀξίως
398 2747 456 2822 τῆς
489 2737 613 2824 ἀρετῆς.
664 2736 1017 2822 ἀντιφιλοτιμούμενος
1050 2735 1079 2802 δ’
1117 2736 1171 2802 ὁ4

126 2847 230 2932 δήμος
257 2847 341 2931 πρὸς
370 2847 431 2929 τήν
462 2846 590 2928 βουλήν
620 2843 693 2910 οὐδ’
720 2843 819 2920 αὐτὸς
846 2843 964 2927 η’ξίωσε
992 2835 1030 2909 τό
1057 2860 1136 2909 συν-

51 2949 317 3038 ικθυεισενεχθέν
348 2953 514 3039 διάφορον
543 2951 774 3017 ἀποδιδόντων
803 2962 871 3017 τῶν
900 2961 1026 3037 ταμιῶν
1057 2950 1136 3016 ἀπο-
1150 2966 1176 3008 25

126 3063 255 3145 λαβεῖν,
283 3056 355 3125 ἀλλ’
383 3059 556 3146 ἐχαρίσατο
583 3069 653 3136 τοῖς
675 3056 768 3124 παισὶ
791 3067 851 3125 τοῦ
875 3058 998 3145 ἀνδρὸς
1020 3059 1136 3125 οίκτεί-

126 3190 196 3253 ρων
227 3169 288 3251 τήν
320 3166 479 3252 ἀπορίαν,
510 3166 566 3231 ἵνα
598 3163 702 3251 μηδὲν
734 3166 870 3246 ἀνάξιον
898 3166 1136 3250 ἐπιτηδεύσωσι

197 3366 212 3414 2
233 3356 400 3434 ἐκκομισ<αι
418 3357 469 3432 τε>
491 3359 515 3411 Β
538 3357 568 3412 in
589 3357 649 3414 me.⁴
668 3342 738 3415 3-4
756 3359 813 3415 litt.
904 3367 936 3416 13
962 3359 1094 3431 ἀσμένοις
1112 3377 1135 3417 ο.

125 3429 215 3487 Cobet
238 3433 303 3489 Obs.
326 3452 353 3504 p.
376 3437 425 3486 132
518 3435 550 3484 15
569 3429 710 3502 διαφόρου
729 3432 793 3487 add.
812 3432 835 3484 B
856 3435 861 3502 Ι
881 3430 913 3487 δέ
932 3433 1028 3489 om.B
1102 3437 1135 3490 16

126 3498 277 3574 ἐρανισμού
295 3504 347 3558 ΑΒ
419 3506 455 3556 24
473 3501 645 3571 κατενεχθὲν
663 3503 686 3555 Β
