2384 3902
462 214 622 266 -ς..

36 368 221 440 ὑπεκδῦναι
248 376 329 451 τοὺς
356 376 549 451 πολιτικοὺς
575 385 738 459 χειμῶνας
762 376 861 457 ἔγνω·
894 372 950 439 καί
972 372 1053 459 πρὶν

36 480 245 566 ἐκπληρῶσαι
268 481 328 546 τὸν
352 482 493 564 ἔσχατον
515 489 573 564 τῆς
596 479 839 565 αὐτοκράτορος
857 479 960 566 ἀρχῆς
976 483 1053 567 χρό-

36 612 104 670 νον,
123 589 189 670 τήν
207 609 244 651 τε
263 587 476 671 δικτατορίαν
495 586 682 670 ἐξωμόσατο
702 583 757 652 καὶ
778 584 919 673 προθεὶς
939 587 1053 672 ἀρχαι-

36 704 154 778 ρεσιῶν
193 691 322 780 ἡμέραν
359 695 440 778 μετὰ
476 703 537 760 τοῦ
575 694 767 759 συνυπάτου
804 694 861 771 τὰς
891 696 1052 778 πατρίους

34 799 234 883 κατέστησεν
258 799 369 885 ἀρχάς.
1066 817 1079 858 ε

97 905 223 972 XXIII.
249 904 559 992 Παραλαμβάνουσι
584 903 626 987 δη
648 903 769 970 ὕπατοι
787 903 887 970 πάλιν
905 906 967 988 την
985 904 1051 970 ἐνι-

35 1013 151 1078 αύσιόν
180 1035 216 1077 τε
244 1009 300 1076 καὶ
328 1013 473 1095 νόμιμον
501 1009 606 1095 ἀρχὴν
625 1009 766 1088 ’Ἁππιος
791 1012 961 1088 Κλαύδιος
983 1015 1052 1076 Σα-

35 1121 124 1200 βῖνος
156 1117 215 1184 καὶ
248 1121 399 1194 Πόπλιος
432 1118 631 1202 Σερουίλιος
660 1119 823 1202 Πρίσκος·
856 1121 892 1184 οἳ
920 1119 957 1183 τὸ
990 1114 1052 1202 μὲν

12 1224 188 1293 κάνωτάτω
213 1221 389 1310 συμφέρον
413 1218 506 1290 εἶδον
525 1224 647 1308 ὀρθῶς,
671 1223 722 1288 ότι
742 1225 796 1288 δεῖ
810 1232 974 1310 περισπᾶν
992 1225 1052 1289 τὸν

36 1333 122 1409 ἐντὸς
154 1333 289 1416 τείχους
321 1333 475 1416 θόρυβον
509 1328 562 1396 ἐπὶ
589 1331 668 1407 τοὺς
696 1328 756 1409 ἐξω
783 1329 962 1414 πολέμους·
996 1327 1051 1394 καὶ
1066 1352 1092 1390 ιο

34 1437 317 1523 παρεσκευάζοντο
340 1437 423 1502 καιδι
446 1446 507 1502 τοῦ
523 1436 748 1502 Οὐολούσκων
766 1438 889 1514 ἔθνους
906 1438 966 1501 τὸν
985 1435 1051 1502 ἕτε-

36 1567 91 1627 ρον
114 1555 216 1628 σφῶν
240 1543 371 1626 ἐξάγειν
395 1543 569 1628 στρατιάν,
593 1544 850 1628 τιμωρήσασθαί
869 1540 900 1608 τ’
929 1541 1052 1619 αὐτοὺς

35 1651 295 1737 προαιρούμενοι
318 1661 376 1734 τῆς
400 1649 640 1732 ἀποσταλείσης
662 1651 744 1715 κατὰ
762 1645 932 1735 Ῥωμαίων
949 1651 1051 1715 Λατί-

36 1779 102 1833 νοις
139 1760 332 1842 συμμαχίας
363 1754 418 1822 καὶ
452 1759 719 1841 προκαταλαβεῖν
751 1757 810 1833 τάς
841 1757 1052 1843 παρασκευὰς

38 1863 142 1930 αὐτῶν
178 1867 227 1929 ἔτι
260 1861 535 1947 συνεσταλμένας.
582 1861 783 1946 ἠγγέλλοντο
811 1864 875 1950 γάρ
903 1861 1051 1929 κάκεῖνοι
1066 1881 1091 1922 15

38 1969 195 2055 δυνάμεις
221 1972 286 2054 ἤδη
315 1969 542 2055 καταγράφειν
570 1968 681 2054 ἁπάσῃ
709 1971 841 2055 σπουδῇ
864 1967 919 2042 καὶ
943 1971 990 2045 είς
1011 1969 1052 2032 τά

36 2080 175 2158 πλησίον
209 2080 294 2160 ἔθνη
326 2077 573 2162 πρεσβεύεσθαι
604 2081 873 2168 παρακαλοῦντες
905 2073 959 2140 ἐπὶ
989 2074 1052 2156 την
1095 2105 1099 2111 ·

37 2186 241 2268 συμμαχίαν,
273 2186 463 2267 πυθόμενοι
489 2185 568 2259 τοὺς
598 2183 798 2266 δημοτικοὺς
830 2178 1051 2264 ἀφεστηκέναι

38 2298 98 2353 τῶν
120 2293 308 2376 πατρικίων
330 2287 386 2354 καὶ
410 2291 607 2372 νομίσαντες
626 2287 666 2352 ού
685 2289 829 2372 χαλεπὸν
847 2281 934 2353 εἶναι
952 2288 1051 2351 πόλιν

39 2396 143 2484 οίκείφ
177 2394 311 2483 πολέμφ
344 2404 517 2461 νοσοῦσαν
550 2396 707 2480 άρασθαι.
753 2392 806 2460 ἐπὶ
837 2394 977 2468 τούτους
1007 2375 1091 2488 δηξ0

38 2504 193 2586 στρατιάν
226 2502 356 2586 ἐξάγειν
388 2502 654 2587 βουλευσάμενοι
682 2498 737 2565 καί
765 2499 921 2580 δόξαντες
947 2501 1050 2566 άπασι

39 2619 102 2686 τοῖς
133 2608 314 2694 συνέδροις
346 2609 459 2694 ὀρθῶς
488 2611 735 2692 βεβουλεῦσθαι
763 2616 925 2691 προεῖπον
957 2607 1050 2690 ἥκειν

40 2714 135 2781 άπασι
158 2727 231 2792 τοῖς
252 2715 290 2781 ἐν
314 2715 399 2800 άκμη
422 2718 546 2801 χρόνον
566 2714 748 2798 ὁρίσαντες,
772 2713 808 2779 ἐν
828 2703 853 2802 ᾧ
873 2714 934 2796 την
953 2735 1051 2778 κατα-

41 2906 120 2994 βαρει
127 2907 234 2962 AE“
219 2927 317 2996 ομοιον
331 2904 442 2980 πολέμφ
457 2909 543 2978 βαρεῖ
552 2906 638 2962 καλὸν
654 2901 808 2963 ἐπεκδνναι
822 2907 845 2960 Β
882 2897 949 2960 ἐν
928 2927 949 2978 φ
966 2903 1006 2960 ἔτι
1016 2935 1050 2945 -

41 2973 147 3044 ὁμοίους
174 2977 286 3033 πολέα
315 2979 401 3049 βαρεῖ
422 2959 509 3032 καλὸν
537 2978 695 3032 ὑπεκδῦναι
723 2995 779 3048 eqs.
805 2994 828 3032 c.
851 2960 957 3030 Reisk'e
985 2973 1050 3044 εἶχε,

41 3049 219 3138 ταρριλλάτων
243 2998 341 3118 δμοιον
368 3047 480 3138 πολέμῳ
504 3050 590 3120 βαρεῖ
610 3048 699 3103 κακὸν
723 3047 909 3104 e.B1'10heIer
953 3045 1051 3116 ὅμοιον

41 3119 143 3194 πολέμῳ
168 3123 256 3193 βαρεῖ
274 3119 361 3174 καλὸν
384 3117 462 3182 τέλος
480 3114 592 3182 ἐπιθεὶς
609 3120 767 3175 ὑπεκδῦναι
786 3138 843 3189 εηε.
864 3135 886 3173 ο.
908 3117 1052 3186 Kiessling

42 3175 189 3248 ἐπεκδῦναι
207 3190 260 3245 ΑΒ
292 3192 451 3245 ὑπεκδῦναι
473 3191 559 3259 vulgo
583 3187 693 3272 πολεμῳ
722 3193 808 3263 βαρεῖ
827 3191 881 3245 del.
905 3189 985 3242 Meut
986 3204 1052 3242 τινος

42 3275 65 3326 p.
79 3267 127 3317 256
163 3262 253 3318 καλὸν
272 3264 435 3330 corruptum
453 3263 483 3315 et
500 3245 683 3352 participium
700 3262 790 3316 latere
809 3261 1002 3317 videturesse

107 3334 340 3424 θδικτοιτορείαγ
358 3334 392 3385 A
465 3331 585 3388 6πάλιν
603 3329 706 3387 ῦπατοι
724 3332 799 3388 Ρτοιι
880 3338 912 3386 12
931 3329 1051 3400 τιμωρή-

12 3429 14 3434 -
44 3405 179 3459 οεοθαιΒ
245 3411 277 3459 15
298 3401 393 3458 ούκέτι
412 3403 617 3458 δολιίῖουῖοεο.
637 3402 782 3474 Kiessling
838 3411 871 3460 18
889 3400 1051 3472 πυθόμενοι

44 3471 136 3560 Βείεξε
172 3473 413 3580 πνθοινόμενοιΟ
