2400 3912
141 215 206 282 164
568 219 733 270 -E-

139 380 201 464 τὴν
233 381 332 446 πόλιν
365 378 542 463 ἀφίκοντο,
575 379 769 464 πομπεύσας
798 377 817 444 ὁ
845 379 983 461 ὕπατος,
1016 377 1061 454 ὡς
1089 388 1154 453 τοῖς

140 488 336 569 βασιλεῦσιν
359 489 438 563 ἔθος
461 482 515 570 ἦν,
541 486 595 552 ὅτε
618 487 676 564 τὰς
698 489 948 570 τροπαιφόρους
969 485 1103 570 πομπάς
1125 508 1153 549 τε

140 590 197 657 καλ
224 593 347 669 θυσίας
376 591 572 676 ἐπιτελοῖεν,
600 589 656 658 καὶ
678 593 720 657 τὰ
742 596 848 658 σκῦλα
870 602 940 669 τοίς
962 598 1057 670 θεοῖς
1081 591 1154 656 άνα-

140 701 229 784 δείς,
257 699 388 782 ἐκείνην
418 695 480 784 μὲν
510 700 572 784 τὴν
597 697 725 784 ἡμέραν
754 700 848 786 ἱερὰν
876 698 976 784 ἀνῆκε
1003 696 1154 775 καὶτοὺς

114 804 425 892 ὁέπιφανεστάτονς
452 818 520 873 τῶν
548 811 695 874 πολιτῶν
723 804 867 872 ἑστιάσει
890 803 1057 892 [προθεὶς]
1084 805 1153 870 ὑπε-

143 911 271 998 δέχετο·
297 921 336 997 τῇ
361 910 391 977 δ’
415 911 488 996 ἑξῆς
510 910 618 1000 ἡμέρα
641 914 746 997 φαιὰν
768 911 894 998 ἐσθῆτα
918 913 1031 996 λαβὼν
1048 911 1153 978 καὶτὸ

141 1020 296 1104 Βρούτου
311 1029 404 1103 σῶμα
418 1019 558 1105 προθεὶς
572 1019 609 1086 ἐν
619 1019 725 1107 άγορᾷ
735 1019 984 1106 κεκοσμημένον
994 1017 1047 1085 ἐπὶ
1057 1035 1153 1104 στρω-

142 1134 226 1210 μνῆς
258 1124 442 1211 ἐκπρεποῦς
473 1127 649 1193 συνεκάλει
679 1127 740 1191 τὸν
773 1128 882 1211 δῆμον
910 1128 958 1203 είς
984 1125 1153 1210 ἐκκλησίαν

142 1230 198 1296 καὶ
225 1232 404 1318 προελθὼν
432 1229 485 1297 ἐπὶ
512 1233 549 1297 τὸ
578 1235 668 1317 βῆμα
693 1233 753 1297 τὸν
777 1231 953 1316 ἐπιτάφιον
976 1230 1087 1310 ἔλεξεν
1109 1231 1125 1296 ἐ
1145 1231 1150 1254 ’

102 1315 231 1430 ,ᾖαύτῷ
261 1341 374 1422 λόγον.
419 1339 450 1405 εἰ
476 1335 537 1424 μὲν
562 1334 624 1404 οὖν
650 1337 833 1424 Οὐαλέριος
855 1349 986 1426 πρῶτος
1008 1341 1153 1421 κατεστη-

143 1461 224 1512 σατο
252 1446 312 1512 τὸν
340 1447 446 1530 νόμον
472 1447 571 1512 τόνδε
589 1441 762 1531 Ῥωμαίοις
783 1445 806 1530 η
828 1449 984 1531 κείμενον
1006 1445 1072 1511 ὑπὸ
1094 1456 1151 1510 τῶν

143 1552 309 1636 βασιλέων
332 1549 532 1636 παρέλαβεν,
556 1552 618 1617 οὐκ
640 1554 703 1637 ἔχω
726 1553 764 1617 τὸ
784 1549 889 1637 σαφὲς
908 1554 1027 1618 εἰπεῖν·
1056 1551 1106 1617 ὅτι
1123 1547 1179 1614 δὲια

137 1653 308 1744 Ῥωμαίων
327 1657 418 1724 ἐστὶν
437 1658 577 1743 ἀρχαῖον
596 1660 718 1746 εὕρεμα
735 1661 773 1725 τὸ
793 1660 883 1744 παρά
900 1661 959 1736 τάς
974 1659 1082 1743 ταφάς
1093 1668 1151 1722 τῶν

143 1762 313 1848 ἐπισήμων
346 1764 480 1852 ἀνδρῶν
513 1764 670 1844 ἐπαίνους
702 1775 760 1850 τῆς
787 1766 905 1852 ἀρετῆς
932 1765 1045 1831 αὐτῶν
1074 1763 1151 1848 λέγε-

104 1887 130 1927 15
145 1874 227 1935 σθαι
260 1869 315 1936 καλ
349 1871 409 1956 οὐχ
437 1869 597 1956 Ἕλληνες
633 1872 716 1938 αὐτὸ
749 1876 995 1957 κατεστήσαντο
1027 1883 1150 1960 πρῶτοι,

143 1977 233 2063 παρὰ
255 1986 313 2062 της
335 1988 449 2063 κοινῆς
472 1979 619 2066 ἱστορίας
642 1974 719 2045 οῖδα
741 1981 874 2065 μαθών,
897 1980 941 2064 ἣν
961 1991 1107 2064 ποιητῶν
1124 2002 1151 2042 τε

147 2083 182 2146 οί
206 2086 421 2150 παλαιότατοι
449 2083 504 2150 καὶ
532 2084 756 2171 συγγραφέων
785 2087 821 2152 οί
840 2087 1038 2170 λογιώτατοι
1059 2109 1151 2171 παρα·

109 2188 341 2256 4δεδάκασιν.
387 2191 518 2276 ἀγῶνας
550 2189 611 2277 μέν
641 2194 706 2279 γάρ
739 2192 934 2278 ἐπιταφίους
966 2192 1151 2277 τιθεμένους
1187 2237 1188 2250 ι

146 2294 199 2361 ἐπὶ
226 2309 296 2375 τοῖς
325 2296 473 2376 ἐνδόξοις
500 2297 643 2385 ἀνδράσι
668 2301 851 2383 γυμνικούς
872 2322 908 2364 τε
930 2297 987 2363 καὶ
1011 2300 1151 2373 ἱππικοὺς

105 2420 131 2460 2⁰
145 2403 209 2468 ὑπὸ
224 2414 292 2469 τῶν
306 2407 546 2490 προσηκόντων
560 2405 786 2492 ίστορηκασιν,
810 2407 854 2483 ὡς
868 2406 935 2472 ὑπό
948 2401 977 2470 τ’
993 2402 1150 2490 Ἀχιλλέως
1186 2429 1187 2490 γ

10 2507 12 2512 ’
145 2506 198 2574 ἐπὶ
226 2514 410 2599 Πατρόκλφ
443 2509 498 2577 καὶ
526 2513 574 2577 ἐτι
601 2515 765 2598 πρότερον
794 2507 853 2597 ὑφ’
879 2508 1082 2598 Ἡρακλέους
1106 2507 1149 2576 ἐπὶ

145 2612 288 2680 Πέλοπι·
327 2617 484 2695 ἐπαίνους
513 2614 550 2682 δὲ
579 2617 781 2703 λεγομένους
809 2615 859 2684 ἐπ’
883 2619 999 2696 αὐτοῖς
1022 2619 1061 2684 οὐ
1082 2617 1149 2702 γρά-

146 2735 272 2804 φουσιν
300 2722 361 2802 ἐξω
385 2734 451 2789 τῶν
471 2721 634 2809 Ἀθήνησι
656 2727 928 2814 τραγῳδοποιῶν,
954 2729 990 2791 οἳ
1009 2723 1148 2791 κολακεύ-

147 2848 242 2904 οντες
273 2828 334 2912 τὴν
366 2833 465 2896 πόλιν
498 2829 551 2897 ἐπὶ
583 2841 653 2910 τοῖς
684 2831 749 2898 ὑπὸ
777 2831 912 2917 Θησέως
939 2829 1148 2916 θαπτομένοις

106 2950 132 2992 2⁵
146 2931 201 2999 καὶ
228 2930 319 3000 τοῦτ’
346 2934 547 3021 ἐμύθευσαν.
593 2935 656 3017 όψδ
678 2939 742 3026 γάρ
765 2961 845 3005 ποτε
865 2933 1039 3022 Ἀθηναῖοι
1060 2951 1147 3022 προσ-

146 3040 271 3107 έθεσαν
293 3044 353 3108 τὸν
376 3042 552 3128 ἐπιτάφιον
575 3047 714 3111 ἔπαινον
735 3054 781 3133 τῷ
805 3048 908 3133 νόμφ,
932 3039 992 3110 εἴτ’
1010 3044 1070 3110 άπὸ
1090 3052 1146 3106 τῶν

147 3142 197 3209 ἐπ’
220 3143 413 3236 Ἀρτεμισίῳ
440 3147 494 3215 καλ
522 3149 597 3235 περὶ
627 3156 803 3237 Σαλαμῖνα
831 3150 886 3217 καὶ
915 3151 952 3217 ἐν
980 3156 1146 3222 Πλαταιαῖς

221 3339 237 3383 2
256 3333 339 3389 ὁπότε
359 3353 381 3390 ο.
402 3336 491 3391 Cobet
505 3338 569 3394 Obs.
584 3358 611 3408 p.
627 3345 659 3394 98
706 3348 723 3395 4
743 3340 766 3396 [ε
786 3344 822 3396 διν
836 3339 887 3408 ἧκε
902 3342 928 3396 A
979 3350 995 3397 5
1014 3340 1145 3404 stenae..

151 3397 197 3448 Ba
232 3398 366 3457 ελστίασιν
385 3405 431 3458 Bb
454 3412 459 3475 1
483 3408 603 3474 προθείς
622 3410 644 3463 O
664 3411 718 3466 del.
738 3363 870 3467 Scffmelle
888 3413 986 3468 Exere.
1006 3412 1145 3479 orit.p.19

190 3470 222 3517 15
240 3477 350 3536 πρῶτον
370 3474 392 3526 O
412 3491 480 3530 corr.
499 3477 602 3531 Reiske
