2400 3912
473 222 638 270 -A-
1020 225 1065 292 55

53 378 104 444 καί
132 385 165 446 εί
189 404 229 465 με
259 384 377 466 φήσεις
403 389 583 469 θρασεῖαν,
616 386 653 450 τὸ
683 387 808 454 δοκοῦν
836 392 945 455 αίτιον
973 382 1064 456 είναί

54 509 106 569 μοι
130 496 190 553 τοῦ
218 489 379 573 μηδεμιᾶς
402 487 585 575 ὀρέγεσθαί
604 507 642 557 σε
664 495 745 578 μήτε
769 497 959 579 φιλοτιμίας
981 497 1063 580 μήτε

53 591 153 676 δόξης.
193 597 281 679 γυνή
304 611 359 660 σοι
382 596 517 662 σύνεστι
538 596 644 682 μηδὲν
663 598 790 666 έοικυία
808 611 879 678 τοῖς
897 611 969 678 σοίς
987 605 1062 686 τρό-

52 717 135 782 ποις,
161 701 183 784 ή
211 715 249 766 σε
274 706 423 783 κηλοῦσα
450 701 506 767 καὶ
528 702 720 792 κατᾴδουσα
742 709 918 791 μαλθακὸν
941 705 1060 774 ἀποδέ-

51 805 146 889 δωκε,
175 804 231 872 καὶ
258 809 369 891 λήσεις
395 805 452 873 ὑπ’
474 808 576 893 αὐτῆς
602 814 782 896 γενόμενος
808 811 842 891 έξ
870 813 993 900 ἀνδρὸς
1020 817 1090 882 τὸι

49 909 163 993 μηδέν·
204 914 315 998 ὥσπερ
347 937 385 996 γε
416 913 516 998 κάμοὶ
547 917 719 1002 ψοφοδεὴς
751 916 806 983 καὶ
838 917 940 986 οὐδὲν
973 923 1059 1007 ἔχων

19 1015 167 1104 ἰεάνδρὸς
200 1019 300 1106 ἀνήρ,
334 1020 371 1098 ὅς
402 1043 442 1104 με
468 1023 628 1107 ταπεινήν
655 1035 747 1090 ποιεί
771 1026 924 1110 μεγάλων
951 1023 1059 1094 οὖσαν

49 1122 139 1202 ἀξίαν
160 1125 216 1192 καί
239 1127 345 1210 καλήν
367 1130 405 1193 τὸ
429 1137 533 1213 σῶμα,
557 1136 789 1214 μαρανθεῖσαν
811 1127 844 1196 δ’
865 1127 922 1198 ὑπ’
944 1133 1058 1201 αὐτοῦ.

48 1234 77 1298 εί
96 1229 131 1318 δ’
153 1232 318 1317 ἐξεγένετο
347 1237 405 1301 σοί
428 1260 464 1303 τε
491 1240 607 1320 λαβεῖν
636 1233 691 1320 ἐμὲ
719 1247 861 1320 γυναῖκα
888 1236 970 1324 κάμὲ
994 1243 1092 1306 σοῦ7

46 1351 153 1426 τυχεῖν
177 1341 311 1428 ἀνδρός,
335 1343 397 1410 οὐκ
419 1343 461 1410 ἀν
484 1344 521 1410 έν
545 1344 660 1430 ἰδιώτῃ
684 1344 746 1431 βίφ
769 1353 932 1411 τοσοῦτον
952 1346 1092 1431 διεζή-ιο

46 1466 147 1532 σαμεν
182 1453 315 1536 χρόνον.
361 1454 397 1516 τί
425 1446 489 1516 οὖν
521 1450 583 1517 οὐκ
615 1450 898 1537 ἐπανορθούμεθα
929 1453 966 1517 τὸ
998 1461 1056 1536 τής

45 1555 141 1640 τύχης
170 1556 338 1642 ἐλάττωμα
365 1557 459 1642 ήμείς
482 1555 703 1642 μεταθέμενοι
725 1559 805 1634 τοὺς
827 1556 968 1641 γάμους,
998 1556 1055 1623 καὶ

46 1663 87 1726 σὺ
115 1659 176 1747 μὲν
209 1662 423 1740 ἀπαλλάττεις
453 1672 514 1728 τοῦ
547 1664 624 1747 βίου
656 1664 718 1748 τήν
745 1671 871 1728 σαυτού
897 1671 1054 1747 γυναῖκα,

46 1767 105 1851 ἐγὼ
131 1766 169 1834 δὲ
196 1769 295 1835 ταύτὸ
324 1748 530 1856 διαθήσομαι
558 1771 618 1835 τὸν
645 1769 726 1854 έμὸν
755 1770 876 1857 ἀνδρας
910 1769 990 1836 ὅταν
1015 1767 1054 1836 δὲ

45 1876 166 1941 τούτων
190 1875 486 1962 διαχειρισθέντων
508 1875 726 1960 συνέλθωμεν
746 1877 793 1953 είς
810 1875 922 1959 ταύτό,
946 1875 1090 1961 ἀσφα-ιι
1129 1897 1132 1903 ·

45 1985 103 2058 λῶς
124 1983 190 2066 ήδη
213 1985 254 2047 τά
277 1985 376 2048 λοιπά
398 1984 637 2068 βουλεύσομεν,
661 1982 813 2048 ἐκποδῶν
835 1981 1054 2066 πεποιημένοι

43 2089 80 2151 τά
109 2093 280 2154 λυποῦντα
311 2089 403 2173 ἡμᾶς.
449 2088 505 2155 καὶ
536 2090 599 2172 γάρ
633 2089 692 2154 έάν
718 2083 821 2153 τάλλα
848 2111 898 2165 τις
925 2087 1053 2154 ἀδικεῖν

45 2193 134 2280 ὀκνῇ,
163 2196 332 2279 βασιλείας
358 2219 397 2280 γε
424 2189 523 2281 χάριν
547 2195 588 2260 ού
611 2193 742 2280 νέμεσις
765 2195 893 2259 ἅπαντα
916 2200 1052 2280 τολμᾶν.

12 2311 43 2358 ’17
102 2301 205 2368 ΧΧΧ.
232 2305 376 2367 Τοιαῦτα
394 2311 452 2385 τῆς
470 2303 612 2378 Τυλλίας
630 2301 792 2384 λεγούσης
805 2301 948 2386 άσμενος
962 2297 1051 2384 δέχε-
1090 2293 1094 2308 ’

44 2429 90 2472 ται
115 2411 174 2487 τάς
201 2407 343 2496 αἱρέσεις
371 2407 389 2473 δ
418 2408 618 2492 Ταρκύνιος,
645 2405 700 2472 καὶΙ
723 2406 840 2472 αὐτίκα
863 2406 946 2483 δοὺς
968 2406 1088 2493 αύτῇεο

42 2518 161 2592 πίστεις
188 2513 243 2580 καὶ
270 2515 384 2598 λαβὼν
411 2515 451 2579 τδι
478 2513 652 2600 προτέλεια
674 2523 741 2578 τῶν
765 2512 912 2579 ἀνοσίων
934 2514 1051 2599 γάμων

43 2621 300 2706 διαπραξάμενος
332 2620 514 2706 ἀπέρχεται.
560 2620 757 2696 διελθόντος
789 2615 822 2684 δ’
854 2620 895 2686 οὐ
923 2624 1051 2687 πολλοῦ

44 2729 116 2808 μετά
132 2735 236 2793 ταῦτα
255 2729 380 2812 χρόνον
398 2737 469 2804 τοϊς
487 2727 600 2803 αὐτοῖς
615 2726 761 2791 πάθεσιν
775 2725 1051 2811 ἀποθνήσκουσιν

44 2834 61 2914 ή
80 2857 114 2900 τε
135 2831 343 2921 πρεσβυτέρα
365 2845 433 2900 τῶν
461 2836 605 2899 Τυλλίου
628 2831 827 2916 θυγατέρων
849 2830 904 2898 καὶ
928 2833 945 2899 ὁ
969 2835 1049 2899 νεά-

43 2961 130 3024 τερος
160 2952 228 3008 τῶν
263 2943 468 3026 Ταρκυνίων.
514 2937 662 3006 ἐνταῦθα
693 2940 794 3006 πάλιν
826 2939 1050 3024 ἀναγκάζομαι

42 3053 224 3131 μεμνήσθαι
250 3050 379 3130 Φαβίου
410 3043 466 3111 καὶ
498 3045 535 3110 τὸ
569 3042 725 3133 ῥᾴθυμον
753 3046 857 3110 αὐτοῦ
884 3042 960 3130 περὶ
987 3047 1049 3128 τήν

1064 2910 1086 2973 2

1059 2996 1087 3036 25

105 3280 124 3327 4
141 3276 315 3329 ιιαταιδοῦτα
332 3273 356 3327 Β
435 3281 451 3329 5
470 3273 510 3338 είς
527 3274 559 3328 τδ
579 3271 667 3344 μηδὲν
685 3273 711 3326 A
786 3279 802 3328 8
821 3271 871 3326 καὶ
888 3272 998 3346 καλ<ὴν
1016 3275 1048 3330 τδ

43 3343 134 3416 σῶμα)
152 3347 349 3415 μαρανθεῖσαν
368 3345 414 3398 Bb
430 3350 435 3412 Ι
451 3342 482 3401 δὲ
502 3343 683 3414 ευμοτεοείμτ.
702 3343 748 3397 Bb
830 3349 846 3398 9
865 3363 894 3398 τε
914 3344 978 3401 εδδ.
997 3346 1021 3399 Β
1042 3348 1046 3418 ή

43 3413 120 3482 κάμοί
138 3416 241 3471 Reiske
305 3423 337 3471 11
358 3414 503 3487 χρόνονΑ
541 3415 644 3488 βίονΒ
709 3420 742 3469 12
762 3409 948 3485 έλάοσωμαΒ
1015 3422 1048 3471 14

43 3482 165 3555 διαθήσω
183 3504 206 3544 ο.
226 3487 329 3544 Reiske
