2394 3912
445 218 606 271 -ς-
971 218 1036 285 333

32 376 187 462 γομένους
208 388 267 462 της
290 377 471 463 ἀσφαλείας
488 379 671 468 ὑπερορᾶν·
704 380 875 466 ἀγαπητὸν
893 379 956 467 μὲν
973 385 1037 468 γάρ

33 483 150 570 ἀμφοῖν
178 486 371 572 τυγχάνειν,
403 488 436 552 εί
462 480 494 551 δ’
521 486 700 574 ἐξείργοιτό
727 510 777 565 τις
803 487 967 573 θατέρου,
998 492 1037 555 τὰ

33 594 170 677 σωτήρια
199 602 267 657 τῶν
299 592 569 678 εὐπρεπεστέρων
601 592 759 679 νομιστέα
788 593 1037 681 ἀναγκαιότερα.

32 696 116 775 τέλος
141 695 172 762 δ’
200 694 244 781 ην
265 709 333 764 τῶν
356 707 459 765 ταῦτα
481 701 755 786 παραινούντων,
781 698 934 786 πρέσβεις
957 702 1038 768 ἀπο-

33 802 171 870 στέλλειν
194 808 273 883 τοὺς
296 803 549 892 διαλεξομένους
570 817 641 884 τοῖς
664 807 866 892 ἀφεστηκόσι
889 807 965 896 περὶ
984 827 1064 893 φοῦ

33 913 106 992 λίας,
129 911 176 988 ὡς
199 909 300 977 οὐδέν
324 913 438 991 αὐτοῖς
459 913 643 999 ἡμάρτηται
666 914 858 1000 ἀνήκεστον.

90 1017 305 1085 XXXXVIII.
324 1016 451 1084 Ἐδόκει
464 1029 567 1086 ταῦτα
581 1030 620 1106 τῇ
633 1024 754 1106 βουλῇ·
772 1020 828 1087 καὶ
842 1023 922 1106 μετά
935 1031 1038 1088 ταῦτα

34 1122 303 1210 προχειρισαμένη
327 1127 406 1202 τοὺς
424 1125 712 1210 ἐπιτηδειοτάτους
731 1125 944 1214 διεπέμψατο.
955 1131 1040 1214 πρὸς

33 1233 102 1309 τοὺς
123 1229 178 1298 ἐπὶ
200 1240 263 1297 τοῦ
284 1232 439 1318 χάρακος,
463 1233 674 1319 ἐντειλαμένη
696 1235 935 1302 πυνθάνεσθαι
957 1231 1035 1321 παρ’

35 1339 149 1422 αὐτῶν,
181 1340 274 1415 τίνος
302 1336 433 1405 δέονται
460 1337 516 1406 καὶ
542 1337 596 1404 έπλ
622 1342 690 1405 τίσι
718 1341 859 1419 δικαίοις
886 1339 1038 1420 ἀξιοῦσιν
1053 1363 1079 1400 1⁰

35 1447 75 1521 είς
95 1447 156 1529 τὴν
178 1447 278 1511 πόλιν
300 1445 536 1532 ἀναστρέφειν·
569 1449 601 1512 εί
620 1447 685 1532 γάρ
709 1453 759 1531 είη
778 1470 810 1512 τι
829 1446 964 1534 μέτριον
982 1447 1039 1514 καὶ

35 1553 172 1618 δυνατὸν
189 1561 257 1618 τῶν
276 1552 476 1637 αἰτημάτων,
499 1553 561 1618 οὐκ
579 1552 843 1620 ἐναντιώσεσθαι
862 1557 958 1638 σφίσι
977 1555 1038 1638 τὴν

35 1660 162 1744 βουλήν.
197 1668 263 1724 νῦν
285 1655 346 1743 μὲν
368 1653 430 1726 οὑν
449 1659 562 1736 αὐτοῖς
581 1658 804 1744 ἀποθεμένοις
821 1663 861 1725 τά
879 1661 965 1726 ὅπλα
983 1659 1038 1725 καὶ

34 1775 196 1831 κατιοῦσιν
219 1767 267 1843 είς
288 1767 349 1849 τὴν
372 1768 471 1831 πόλιν
493 1767 610 1832 ἀδειαν
630 1766 790 1852 ὑπάρξειν
808 1779 876 1833 τῶν
894 1767 1038 1854 ἡμαρτη-

35 1870 146 1956 μένων,
170 1870 224 1937 καὶ
248 1873 294 1950 είς
316 1873 375 1938 τὸν
398 1871 462 1938 ἀπὸ
486 1873 586 1938 τοῦδε
608 1877 733 1957 χρόνον
756 1874 955 1959 ἀμνηστίαν·
979 1873 1038 1940 έάν
1053 1892 1078 1933 1⁵

36 1973 67 2042 δέ
94 1980 134 2043 τά
165 1980 322 2063 κράτιστοι
354 1979 542 2063 βουλεύωσι
567 1987 613 2067 τῷ
641 1989 743 2069 κοινῷ
771 1980 827 2047 καλ
853 1982 1039 2067 προθύμως

15 2085 248 2151 θκιυδυνεύωσι
279 2084 356 2170 περὶ
386 2090 444 2169 τῆς
474 2087 650 2172 πατρίδος,
682 2086 821 2170 ἀμοιβάς
853 2089 954 2164 καλάς
982 2086 1038 2152 καὶ

36 2194 214 2268 λυσιτελεῖς.
259 2191 380 2269 ταύτας
410 2193 445 2257 ολ
471 2189 626 2278 πρέσβεις
654 2194 712 2270 τὰς
739 2193 876 2270 έντολάς
901 2193 1073 2276 κομισά-2

36 2320 121 2378 μενοι
144 2297 313 2364 ἀπέδοσαν
330 2309 401 2374 τοῖς
418 2295 472 2363 έπλ
491 2296 719 2384 στρατοπέδου
736 2297 792 2364 καλ
811 2301 850 2364 τά
867 2299 1039 2364 ἀκόλουθα

37 2402 257 2489 διελέχθησαν.
304 2405 345 2469 οὐ
378 2402 567 2489 δεξαμένων
597 2402 635 2471 δέ
663 2416 731 2471 τῶν
759 2406 954 2472 ἀποστατῶν
980 2407 1040 2484 τάς
1053 2427 1080 2466 ²0

36 2516 238 2606 προκλήσεις,
261 2506 332 2576 ἀλλ’
354 2512 541 2597 ὑπεροψίαν
563 2511 620 2578 καὶ
642 2513 810 2598 βαρύτητα
832 2511 888 2578 καλ
910 2514 1039 2597 πολλὴν

37 2617 200 2702 εἰρωνείαν
227 2628 297 2695 τοῖς
323 2621 509 2704 πατρικίοις
536 2619 791 2704 ὀνειδισάντων,
823 2622 854 2686 εί
878 2636 1040 2706 προσποι-

38 2731 144 2788 οῦνται
175 2721 237 2810 μέν
269 2726 420 2810 ἀγνοεῖν,
453 2721 502 2792 ὧν
534 2727 552 2794 ό
584 2728 689 2811 δῆμος
715 2729 820 2792 δεῖται
846 2723 902 2791 καὶ
930 2722 973 2791 δι’
1001 2726 1040 2803 ἀς

39 2827 174 2913 ἀνάγκας
201 2828 257 2895 ἀπ’
279 2831 390 2897 αὐτῶν
419 2830 558 2916 ἀπέστη,
585 2835 775 2918 χαρίζονται
803 2826 835 2897 δ’
861 2832 949 2921 αὐτῷ
978 2835 1039 2916 τὴν

39 2935 144 3002 ἀδειαν
166 2947 228 3003 τοῦ
251 2939 414 3023 μηδεμίαν
438 2939 597 3024 ὑποσχεῖν
619 2948 677 3023 τῆς
700 2940 912 3017 ἀποστάσεως
931 2941 1039 3024 δίκην,
1053 2956 1079 2998 2⁵

40 3039 139 3129 ὥσπερ
162 3047 210 3110 έτι
232 3046 355 3129 κύριοι,
378 3054 436 3129 της
458 3048 618 3129 βοηθείας
640 3070 678 3130 γε
698 3046 793 3112 αὐτοὶ
812 3048 964 3132 δεόμενοι
982 3057 1040 3131 της

38 3153 194 3236 πολιτικῆς
213 3151 249 3215 οί
264 3148 317 3215 ἐπὶ
330 3154 409 3228 τοὺς
423 3151 581 3230 ὀθνείους
594 3151 760 3237 πολέμους
775 3152 836 3218 οὐκ
849 3155 897 3231 είς
910 3155 1040 3238 μακράν

74 3347 133 3396 ’15
150 3344 220 3415 ἀπὸ]
235 3343 290 3414 πρὸ
305 3360 327 3398 ο.
343 3343 445 3399 ΒκίεΙιε
501 3352 534 3400 16
553 3344 588 3399 τὰ
607 3362 661 3400 om.
676 3345 700 3400 0
717 3346 864 3416 praetere
920 3350 954 3398 κθ
974 3347 1041 3418 βοη·

39 3411 112 3488 θείας
124 3433 152 3469 τε
167 3414 189 3469 Ο
219 3416 243 3487 β.
258 3433 289 3484 γε
300 3414 422 3484 Sylburg
468 3423 501 3471 27
516 3421 660 3485 πολιτικῆς
673 3413 737 3470 οίΒ
760 3413 792 3471 οἴ
802 3415 891 3470 om.R
907 3419 911 3484 Ι
926 3419 993 3485 post
1010 3437 1040 3472 τε

39 3481 139 3538 wdetur
156 3483 242 3541 οὐδὲν
262 3485 359 3554 ἀεσεεμ
378 3485 493 3541 Reiskio
514 3489 518 3559 Ι
539 3487 677 3556 πολέμους
695 3487 747 3539 ΑΒ
783 3489 933 3556 πολεμίους
954 3487 1039 3557 vulgo
