2394 3912
461 233 620 284 -5-
985 231 1049 296 359

44 409 93 458 σιν
113 395 160 469 είς
182 393 245 476 τὴν
267 396 367 458 πόλιν
390 391 447 457 καὶ
469 393 684 478 παράσχωσιν
702 392 782 478 ὑμίν
801 395 1052 476 βουλεύσασθαι

43 496 110 584 περὶ
128 509 226 582 σφῶν
245 498 367 581 αύτών,
392 492 471 564 καθ’
488 498 630 583 ἡσυχίαν
649 496 865 575 ἐξετάσαντας
883 502 956 565 τότε
974 509 1052 584 χρη-

44 612 117 670 σθαι
139 607 329 690 μετριότητι
350 606 434 690 πρὸς
457 604 579 682 αὐτούς
601 605 741 687 είδότας,
765 605 816 669 ὅτι
833 613 901 670 πᾶν
918 607 956 670 τὸ
975 605 1052 672 άνό-

43 734 126 794 ητον,
149 712 318 788 άλλως.τε
341 709 404 775 κάν
428 712 525 795 όχλος
543 701 575 796 ᾗ,
599 711 682 794 πρὸς
700 706 761 794 μὲν
780 713 858 788 τοὺς
875 716 1053 788 ταπεινοὺς

43 819 182 895 αὔθαδες
205 820 364 901 γίνεσθαι
383 821 484 901 φιλεῖ,
508 816 591 901 πρὸς
610 814 647 882 δὲ
665 819 745 894 τοὺς
764 816 925 894 αὐθάδεις
942 835 1079 884 ταπει-ιι

43 930 188 991 νοῦσθαι.
261 909 264 914 ’

100 1031 197 1096 LXV.
223 1029 451 1115 Παυσαμένου
476 1026 513 1094 δὲ
536 1039 597 1095 τοῦ
614 1031 789 1095 Κλαυδίου
811 1030 934 1114 μεγάλη
954 1031 1052 1115 φωνὴ

42 1135 90 1201 καὶ
114 1141 268 1224 θόρυβος
286 1136 438 1216 ,ἐξαίσιος
466 1137 542 1223 ἄχρι
568 1140 695 1201 πολλοῦ
718 1139 843 1222 χρόνον
865 1148 993 1222 κατεῖχε
1016 1139 1053 1202 τὸ

43 1242 224 1329 συνέδριον.
262 1245 298 1310 οί
318 1241 380 1328 μὲν
402 1245 465 1329 γὰρ
484 1241 750 1329 ἀριστοκρατικοὶ
770 1245 948 1321 δοκοῦντες
968 1239 1055 1310 εἶναι

43 1348 150 1416 καὶτὰ
174 1352 366 1434 δικαιότερα
388 1351 453 1435 πρὸ
477 1360 544 1416 τῶν
569 1349 695 1416 άδίκοιν
718 1351 866 1434 οίόμενοι
886 1351 958 1415 δεῖν
977 1366 1095 1416 ouo-1⁰

43 1466 109 1521 πεῖν
130 1466 171 1543 τῇ
196 1458 372 1522 Κλαυδίου
395 1458 511 1543 γνώμη
535 1459 774 1541 προσετίθεντο
797 1454 852 1521 καὶ
875 1457 953 1533 τοὺς
970 1457 1054 1522 ὑπά-

43 1585 112 1641 τους
142 1562 263 1648 ἠξίουν
295 1563 436 1648 μάλιστα
468 1559 528 1647 μὲν
559 1570 598 1646 τῇ
626 1565 791 1646 κρείττονι
818 1572 1054 1649 προσχωρῆσαι

44 1672 145 1755 μερίδι
173 1670 482 1755 διαλογιζομένους,
511 1670 562 1734 ὅτι
590 1669 764 1754 βασιλικὸν
794 1672 907 1754 ἔχουσι
934 1669 972 1734 τὸ
997 1678 1055 1752 τῆς

44 1776 136 1861 ἀρχῆς
157 1777 294 1862 κράτος,
324 1777 366 1841 ού
390 1779 582 1861 δημοτικόν·
621 1778 653 1841 εί
674 1772 712 1841 δὲ
735 1780 779 1860 μη
802 1800 850 1860 γε,
875 1776 1055 1860 φυλάττειν

45 1883 158 1973 αὑτούς
187 1889 282 1960 ίσους
309 1881 365 1948 καὶ
393 1883 436 1967 μὴ
465 1883 655 1966 κατισχύειν
680 1884 865 1968 μηδετέραν
887 1893 955 1947 τῶν
979 1882 1056 1948 στά-
1070 1899 1096 1939 1⁵

11 2003 134 2074 ιιισεαν,
159 1988 492 2076 διαριθμησαμένους
511 1985 549 2054 δὲ
566 1991 624 2066 τάς
643 1990 777 2074 γνώμας
795 2001 862 2054 τῶν
881 1988 1055 2076 συνέδρων
1095 2013 1098 2018 ·

45 2106 108 2174 ταῖς
129 2100 262 2163 πλείοσι
287 2098 459 2180 [γνώμαις]
485 2107 638 2180 στοιχεῖν.
681 2097 712 2160 εί
735 2092 772 2160 δὲ
794 2096 925 2161 τούτων
948 2096 1090 2180 ἄμφθ-2

45 2201 141 2288 τέρων
159 2203 379 2289 ὑπεριδόντες
397 2201 644 2286 αὐτοκράτορας
658 2203 780 2278 αὑτοὺς
794 2204 974 2287 ποιήσουσι
986 2212 1055 2266 τών

47 2308 244 2392 διαλύσεων,
269 2308 332 2373 οὐκ
355 2306 542 2392 ἐπιτρέψειν
566 2308 680 2385 αὐτοῖς
703 2309 843 2402 ἔλεγον,
861 2305 932 2373 ἀλλ’
960 2307 1056 2373 ἐναν-

46 2416 222 2482 τιώσεσθαι
253 2415 343 2500 πάση
374 2416 548 2500 προθυμίᾳ
581 2417 694 2498 λόγοις
724 2410 753 2477 τ’
787 2414 881 2499 ἄχρις
913 2413 956 2479 άν
989 2413 1054 2498 ἐξῇ,
1070 2432 1096 2471 20

45 2523 203 2606 χρώμενοι
226 2519 281 2588 καί
306 2522 435 2603 όπλοις,
464 2520 545 2585 ὅταν
563 2519 752 2604 άναγκαίον
774 2517 922 2604 γένηται·
952 2515 996 2604 ην
1020 2518 1057 2585 δὲ

46 2639 135 2696 τοῦτο
165 2639 285 2713 στῖφος
311 2628 472 2714 καρτερὸν
495 2625 551 2691 καί
575 2628 697 2710 σχεδὸν
719 2627 829 2692 ἅπασα
851 2638 920 2692 τῶν
942 2648 1057 2712 πατρι-
1119 2669 1121 2674 -

46 2737 121 2800 κίων
143 2737 165 2820 η
189 2738 307 2819 νεότης
329 2734 450 2817 ταύτης
473 2737 578 2816 είχετο
602 2742 659 2816 τῆς
681 2731 914 2819 προαιρέσεως.
963 2734 998 2798 οί
1019 2729 1091 2799 δδ3

47 2849 98 2924 τῆς
124 2845 259 2929 είρηνης
287 2840 531 2924 ἐπιθυμοῦντες
557 2847 597 2924 τῇ
621 2842 800 2923 Μενηνίου
827 2863 863 2904 τε
890 2838 945 2905 καὶ
970 2840 1058 2906 Ούα-

48 2952 153 3034 λερίου
172 2950 289 3034 γνώμη
308 2945 521 3034 προσέκειντο
540 2943 595 3011 καὶ
615 2947 754 3030 μάλιστα
770 2947 805 3010 οί
816 2950 1058 3036 προβεβηκότες
1072 2964 1098 3006 25

48 3066 112 3133 ταῖς
132 3057 275 3140 ἡλικίαις
299 3053 547 3137 ἐνθυμούμενοι
570 3053 629 3129 τάς
651 3053 837 3138 συμφοράς,
863 3053 937 3118 ὅσαι
960 3077 1059 3118 κατα-

48 3163 251 3247 λαμβάνουσι
287 3162 344 3237 τάς
375 3162 491 3235 πόλεις,
520 3157 555 3224 ἐκ
587 3171 655 3224 τῶν
688 3160 863 3244 ἐμφυλίων
894 3160 1058 3245 πολέμων.

114 3355 218 3418 κτους
242 3352 407 3425 χρησθαιΟ
443 3349 505 3406 τότε
529 3371 571 3423 χρ.
595 3368 618 3407 ο.
638 3351 783 3420 Kiessling
875 3359 908 3406 10
931 3352 980 3406 καὶ
1004 3352 1058 3407 del.

51 3422 202 3494 Stephanus
277 3431 310 3479 16
330 3423 367 3494 μὴ
386 3421 414 3477 δ’
432 3417 514 3493 ἑτέρα
533 3423 556 3476 Β
612 3429 644 3478 17
664 3424 788 3494 γνώμαις
810 3423 865 3479 del.
885 3422 974 3479 Cobet
993 3423 1060 3481 Obs.

51 3511 75 3562 p.
89 3503 137 3553 126
211 3502 245 3550 18
264 3493 518 3566 ύπεριδόνταςΒ·
565 3501 599 3550 20
618 3494 684 3566 άχρι
702 3495 749 3550 Βει
