2384 3902
127 183 193 248 240
556 185 721 234 -Ε-

126 347 206 422 τοὺς
228 343 431 420 ἀκολάστους
454 353 522 409 τῶν
545 346 747 430 σωφρόνων,
770 345 851 421 τοὺς
870 342 903 408 δ’
928 343 1065 422 ἀδίκους
1082 356 1144 411 τῶν

128 453 268 517 δικαίων
290 448 346 516 καὶ
369 453 449 528 τοὺς
471 448 770 537 σφετεριζομένους
791 449 973 537 τάλλότρια
994 461 1062 517 τῶν
1085 477 1143 537 φυ-

127 559 316 625 λαττόντων
338 559 378 624 τά
402 558 481 624 ίδια.
520 565 625 622 ταῦτα
648 552 680 622 δ’
702 552 788 623 εἶναι
812 559 854 623 τά
876 566 1041 625 ποιοῦντα
1059 560 1144 644 διχο-

129 666 265 742 στασίας
288 663 325 730 ἐν
347 672 421 742 ταῖς
442 664 560 729 πόλεσι
583 661 640 730 καὶ
663 662 941 750 ἀλληλοφθορίας
959 664 1144 742 ἀπαύστους

106 770 184 837 εκαὶ
206 780 317 837 πᾶσαν
340 771 445 853 ἀλλην
467 779 579 836 κακῶν
601 767 707 853 ίδίαν,
730 767 790 854 ὑφ’
814 765 863 836 ὧν
882 769 922 835 αί
937 766 999 855 μὲν
1019 769 1145 855 εὐτυχέ-

128 894 230 943 στατα
250 877 415 963 πράξασαι
433 878 496 961 τὴν
514 875 713 963 ἐλευθερίαν
731 876 971 963 ἀφῃρέθησαν,
989 879 1028 943 αί
1041 875 1079 943 δὲ
1092 888 1146 962 τῆς

128 987 280 1069 χείρονος
303 985 422 1070 μοίρας
444 991 606 1069 τυχοῦσαι
628 984 845 1070 πανώλεθροι
869 984 1117 1071 διεφθάρησαν.

195 1105 327 1172 LXVII.
357 1107 491 1184 Παντὸς
520 1102 558 1172 δὲ
580 1108 723 1192 μάλιστα
746 1118 885 1174 σκοπεῖν
908 1093 1032 1186 αὐτούς
1054 1109 1147 1192 ἠξίου

130 1212 250 1295 καινὴν
272 1210 541 1296 καθισταμένους
563 1214 751 1296 πολιτείαν,
774 1214 864 1292 ὅπως
887 1211 999 1299 μηθὲν
1022 1217 1071 1293 είς
1095 1217 1147 1280 αὐ-

94 1321 191 1404 τοτὴν
217 1319 454 1405 παρελεύσεται
480 1320 751 1414 πονηρὸνέθος,
778 1321 910 1404 πολλὴν
933 1321 1087 1406 ἀνάγκην
1110 1317 1147 1387 εί-

129 1450 187 1491 ναι
210 1425 317 1510 λέγων
340 1422 430 1491 ὁποῖ’
452 1423 522 1491 ἅττ’
545 1424 588 1491 ἀν
611 1416 632 1512 ᾖ
656 1428 697 1492 τὰ
718 1429 817 1493 κοινά
838 1438 907 1492 τῶν
929 1430 1066 1494 πόλεων
1085 1428 1184 1495 ἐπι-ιιι

128 1534 327 1618 τηδεύματα,
346 1532 521 1610 τοιούτους
538 1534 695 1616 γίνεσθαι
708 1535 788 1611 τοὺς
801 1545 869 1600 τῶν
884 1535 1030 1600 ἰδιωτῶν
1045 1539 1146 1618 βίους.

130 1642 211 1717 ἔθος
239 1635 270 1703 δ’
297 1634 384 1705 εἶναι
413 1636 514 1705 οὐδὲν
540 1639 657 1706 κάκιον
680 1641 758 1706 ούτε
780 1642 918 1707 πόλεσιν
944 1641 1022 1708 ούτε
1046 1648 1147 1720 οῖκοις

50 1781 54 1788 -
131 1754 191 1811 τοῦ
210 1743 288 1811 καθ’
306 1744 432 1829 ’ἡδονάς
450 1743 502 1812 ἀεὶ
523 1749 580 1831 ζῆν
599 1746 741 1813 ἕκαστον
754 1745 885 1814 καὶτοῦ
898 1747 1009 1834 πάντα
1022 1766 1147 1835 συγχω-

95 1857 266 1939 ιερεῖσθαι
293 1862 363 1929 τοῖς
390 1853 526 1936 ἥττοσιν
552 1852 618 1918 ὑπὸ
640 1864 709 1920 τῶν
731 1858 950 1942 κρειττόνων,
978 1862 1046 1922 εῖτε
1071 1861 1146 1944 πρὸς

130 1959 228 2044 χάριν
252 1965 317 2025 εῖτε
339 1961 422 2045 πρὸς
444 1959 606 2044 ἀνάγκην·
644 1961 686 2026 οὐ
708 1963 772 2048 γάρ
792 1961 1079 2047 ἀποπληροῦσθαι
1096 1965 1146 2041 τὰς

131 2065 311 2151 ἐπιθυμίας
329 2075 397 2132 τῶν
416 2065 577 2151 ἀφρόνων
595 2067 826 2151 τυγχανούσας
845 2063 893 2134 ὧν
907 2067 952 2134 ἀν
966 2070 1145 2153 δεηθῶσιν,

131 2169 202 2240 ἀλλ’
225 2171 346 2261 ἑτέρων
365 2173 472 2250 εὐθὺς
490 2171 669 2259 ὀρέγεσθαι
688 2177 849 2258 μειζόνων
866 2173 922 2240 καὶ
942 2177 992 2254 είς
1010 2177 1146 2262 ἀπειρον

131 2285 342 2368 προβαίνειν·
380 2282 521 2366 μάλιστα
550 2277 587 2347 δὲ
614 2290 713 2347 τοῦτο
743 2283 883 2367 πάσχειν
911 2285 993 2360 τοὺς
1016 2285 1146 2368 όχλους·

95 2388 153 2456 εοά
185 2391 249 2475 γάρ
281 2385 359 2456 καθ’
392 2386 512 2454 ἑαυτὸν
547 2386 683 2465 ἕκαστος
714 2389 906 2474 αἰσχύνεται
938 2389 1098 2476 πράττειν
1128 2389 1145 2472 ἢ

133 2494 244 2562 δέδιεν
276 2496 342 2562 ὑπὸ
375 2503 436 2560 τοῦ
467 2495 657 2577 κρείττονος
685 2497 957 2582 κατειργόμενος,
990 2492 1083 2562 ταῦτ’
1113 2497 1145 2562 ίν

132 2610 234 2690 κοινῷ
265 2600 467 2687 γενομένους
497 2599 707 2687 ἑτοιμότερον
735 2609 944 2687 παρανομεῖν
974 2609 1146 2689 προσειλη-

97 2712 238 2796 2φότας
271 2709 369 2795 ίσχὺυ
395 2719 467 2786 ταῖς
495 2705 622 2773 ἑαυτῶν
648 2708 797 2793 γνώμαις
824 2708 861 2774 ἐκ
887 2719 956 2774 τῶν
983 2712 1025 2776 τὰ
1053 2711 1145 2796 ὅμοια

133 2814 358 2904 βουλομένων.
404 2815 620 2901 ἀπληρώτους
643 2811 758 2880 δὲκαὶ
781 2814 959 2903 ἀορίστους
982 2817 1145 2905 ὑπαρχού-

98 2949 125 2992 τε
135 2941 196 3004 σας
218 2926 276 3003 τὰς
298 2934 365 2990 τῶν
384 2923 537 3020 ἀνώγεων
555 2924 664 3007 όχλων
683 2921 862 3008 ἐπιθυμίας
879 2921 1064 3008 ἀρχομένας
1081 2927 1143 3010 ἔφη

135 3037 207 3100 δεῖν
228 3033 387 3115 κωλύειν,
415 3030 478 3109 ἕως
499 3028 586 3096 είσὶν
609 3029 778 3112 ἀσθενεῖς,
807 3029 883 3114 οὐχ,
910 3029 992 3096 ὅταν
1016 3030 1144 3116 ἰσχυραὶ

209 3263 223 3309 1
251 3257 316 3319 τούς
343 3277 373 3312 τε
401 3259 517 3319 ἀδίκους
545 3273 567 3310 0.
591 3229 715 3309 Refldler
737 3256 827 3312 Time.
846 3275 873 3326 p.
893 3262 929 3312 44
1019 3265 1034 3312 3
1055 3267 1142 3312 ταῦτα

139 3327 220 3428 ἀίινά
237 3377 284 3430 Ba
343 3383 360 3430 4
379 3379 605 3446 ἀλληλοφθονίας
625 3396 646 3432 ο.
666 3377 811 3448 Κὶμεελὶης
873 3385 889 3433 ὃ
909 3379 1106 3450 εύτυχέσταται
1123 3382 1143 3433 Β

142 3445 438 3512 101παρελεύσηταιΑ
515 3452 548 3500 18
567 3447 674 3518 ἀπορον
693 3448 739 3504 Ba
815 3458 849 3506 λδ
869 3452 1000 3524 κωλύειν]
1018 3454 1144 3507 κολούειν
