2400 3912
142 216 206 278 116
569 215 732 264 -Δ-

141 377 281 442 δύναται
308 373 445 460 πράξειν
473 371 526 440 ἐπὶ
551 374 728 439 καταλύσει
751 381 809 457 τῆς
837 373 1032 457 Ταρκυνίων
1054 371 1136 436 δυνα-

141 485 265 564 στείας,
291 479 345 546 καὶ
369 479 441 546 οὔτ’
464 480 563 557 αὐτὸς
587 481 871 563 διαλλαγήσεσθαι
894 478 979 563 πρὸς
1000 480 1076 554 τοὺς
1095 501 1136 542 τυ-

141 589 287 676 ράννους
318 588 394 652 οὕτε
426 597 496 664 τοῖς
528 584 817 670 διαλλαττομένοις
846 583 1050 669 ἐπιτρέψειν,
1079 580 1136 648 ἀλλ’

141 695 266 780 ἐχθρὸν
288 694 474 778 ἡγήσεσθαι
496 694 555 760 τὸν
574 695 618 778 μή
637 692 740 760 ταύτὰ
759 695 969 777 βουλόμενον
987 688 1044 756 καὶ
1061 689 1168 774 μέχριεο

115 803 293 868 σθανύτου
316 808 355 885 τῇ
378 800 554 885 τυραννίδι
572 797 716 876 καὶτοῖς
734 795 1057 881 συναγωνιζομένοις
1073 795 1139 878 αὐτῇ

143 907 382 992 διεχθρεύσειν.
428 908 460 971 εί
494 902 532 971 δέ
567 907 737 990 παραβαίη
769 906 829 970 τὸν
862 905 965 985 ὅρκον
998 903 1139 984 τοιαύτην
1186 905 1188 914 '

143 1012 231 1099 αύτῷ
264 1013 420 1096 τελευτήν
452 1012 598 1094 ἠρύσατο
626 1019 686 1077 τοῦ
713 1014 793 1095 βίον
819 1008 979 1094 γενέσθαι
1007 1007 1063 1076 καὶ
1088 1019 1141 1084 τοῖς
1186 1017 1187 1080 1

144 1118 247 1184 αὑτοῦ
270 1121 396 1202 παισίν,
420 1119 492 1194 οἵας
515 1120 630 1202 ἔτυχεν
652 1118 673 1202 ή
696 1119 792 1201 γυνή.
1186 1095 1187 1134 ³

210 1223 322 1290 LXXI.
355 1219 453 1290 Ταῦτ’
475 1225 577 1290 εἰπὼν
601 1223 709 1290 ἐκάλει
732 1221 889 1300 καὶτοὺς
912 1223 1037 1299 ἄλλους
1059 1222 1143 1286 ἅπαν-

106 1351 133 1392 10
145 1354 203 1407 τας
226 1329 279 1397 ἐπὶ
297 1333 356 1398 τὸν
375 1331 478 1398 αὐτὸν
497 1332 611 1417 ὅρκον·
645 1331 680 1396 οί
697 1327 730 1395 δ’
749 1327 851 1396 οὐδέν
865 1333 913 1395 ἔτι
927 1329 1145 1403 ἐνδοιάσαντες
1189 1411 1190 1418 ¹

145 1437 321 1504 ἀνίσταντο
336 1437 442 1504 καὶτὸ
458 1439 554 1523 ξίφος
570 1438 742 1524 δεχόμενοι
755 1431 833 1523 παρ’
847 1436 1001 1521 ἀλλήλων
1016 1437 1144 1520 ὤμνυον.

144 1543 335 1630 γενομένων
360 1540 396 1609 δέ
418 1555 487 1610 τῶν
510 1543 727 1629 ὁρκωμοσιῶν
751 1544 832 1628 μετὰ
853 1539 944 1609 τοῦτ’
967 1542 1075 1618 εὐθὺς
1092 1541 1145 1622 ἐζή-

143 1673 242 1733 τουν,
274 1654 324 1727 τίς
357 1649 375 1716 ὁ
407 1659 465 1734 τῆς
498 1649 728 1735 ἐπιχειρήσεως
760 1651 851 1716 ἔσται
882 1652 1014 1734 τρόπος.
1062 1645 1146 1712 καὶὸ

144 1760 294 1839 Βροῦτος
324 1757 437 1833 αὐτοῖς
464 1757 659 1823 ύποτύθεται
688 1756 813 1822 τοιοίδε·
851 1760 995 1837 Πρῶτον
1022 1751 1085 1838 μέν
1106 1753 1148 1816 διδ

107 1878 133 1920 15
148 1867 298 1946 φυλακῆς
316 1863 374 1938 τὰς
391 1863 498 1940 πύλας
516 1864 653 1948 έχωμεν,
677 1862 733 1927 ίνα
752 1857 857 1946 μηδὲν
875 1871 942 1926 τῶν
963 1860 1000 1926 ἐν
1014 1869 1056 1946 τῇ
1070 1862 1149 1924 πόλει

146 1965 335 2051 λεγομένων
362 1991 397 2032 τε
425 1967 481 2034 καὶ
509 1966 746 2054 πραττομένων
772 1969 855 2033 κατὰ
881 1977 939 2052 τῆς
961 1966 1150 2051 τυραννίδος

146 2079 303 2156 αἴσθηται
337 2076 536 2159 Ταρκύνιος,
569 2073 650 2160 πρὶν
681 2073 702 2158 ή
729 2075 769 2139 τὰ
797 2067 874 2159 παρ’
900 2073 995 2158 ἡμῶν
1022 2072 1151 2157 εὐτρεπῆ
1192 2133 1193 2138 ,

112 2177 314 2264 2γευέσθαι.
362 2182 472 2246 ἔπειτα
505 2184 700 2266 κομίσαντες
731 2181 769 2245 τὸ
799 2191 893 2264 σῶμα
920 2189 979 2262 τῆς
1005 2178 1152 2262 γυναικὸς

147 2287 191 2364 ὡς
214 2290 305 2352 ἔστιν
328 2286 440 2372 αἵματι
463 2284 679 2372 πεφυρμένον
702 2287 749 2362 εἰς
770 2286 832 2370 τήν
855 2285 984 2371 ἀγορὰν
1006 2282 1064 2350 καὶ
1083 2306 1153 2368 προ-

106 2412 133 2452 ²⁰
146 2391 263 2470 θέντες
291 2392 327 2458 ἐν
355 2394 490 2482 φανερῷ
519 2397 736 2477 συγκαλῶμεν
764 2392 824 2457 τὸν
847 2392 956 2476 δῆμον
980 2392 1028 2468 εἰς
1050 2390 1152 2469 ἐκκλη-

147 2502 233 2563 σίαν.
271 2499 351 2563 ὅταν
383 2496 420 2564 δὲ
453 2498 601 2584 συνέλθῃ
634 2497 690 2564 καὶ
717 2500 918 2580 πλήθουσαν
947 2499 1072 2582 ἴδωμεν
1099 2497 1189 2578 τήνῶῐ

148 2602 283 2686 ἀγοράν,
306 2606 483 2688 προελθὼν
497 2606 705 2689 Λουκρήτιός
726 2628 761 2670 τε
784 2602 840 2670 καὶ
853 2607 1062 2680 Κολλατῖνος
1080 2603 1152 2668 ἀπο-

150 2709 375 2789 δυράσθωσαν
406 2711 464 2787 τὰς
491 2709 618 2776 ἑαυτῶν
645 2711 745 2795 τύχας
773 2711 902 2775 ἅπαντα
928 2711 970 2774 τὰ
999 2711 1154 2794 γενόμενα

114 2815 345 2901 3φρύσαντες.
382 2818 491 2882 ἔπειτα
518 2826 586 2881 τῶν
614 2817 725 2882 ἄλλων
753 2815 889 2892 ἕκαστος
911 2817 1043 2899 παριὼν
1065 2837 1155 2897 κατή-

109 2938 135 2980 ιε
148 2923 288 3004 γορείτω
306 2931 364 3005 τῆς
382 2923 581 3007 τυραννίδος
599 2920 653 2988 καὶ
672 2925 751 3000 τοὺς
768 2925 904 2999 πολίτας
923 2920 977 2987 έπλ
994 2923 1057 3006 τήν
1075 2921 1155 2988 ἐλευ-

222 3119 238 3166 4
258 3109 363 3183 ἐχθρὸν
381 3111 539 3182 ἡγήσεσθαι
556 3113 606 3167 τὸν
621 3113 661 3238 gn}
676 3113 765 3168 ταύτὰ
779 3111 948 3185 βουλόμενον
964 3112 1018 3168 del.
1035 3110 1156 3166 Schnelle

150 3183 248 3237 Exere.
267 3201 293 3250 p.
312 3191 344 3238 16
362 3189 365 3248 Ι
381 3191 470 3237 ταῦτα
489 3184 511 3237 0
531 3199 600 3240 corr.
639 3184 742 3252 ylburg
805 3185 915 3256 ταύτῷ
935 3183 988 3237 ΑΒ
1043 3189 1157 3237 8πᾶσιν

153 3267 176 3304 ο.
195 3251 298 3305 Reiske
315 3257 320 3320 Ι
336 3255 374 3307 οἵ.
381 3271 418 3306 ατ
435 3253 458 3304 Β
514 3259 547 3306 10
566 3248 805 3325 ένδ<οι>ύσαντες
822 3254 845 3306 Β
902 3259 934 3308 12
954 3255 1043 3316 εὐθὺς
1062 3252 1156 3306 εδδΒ

156 3324 189 3370 12
207 3322 248 3378 τίς
266 3322 361 3383 αὐτοῖς
379 3324 401 3376 Ο
421 3327 533 3389 praeter
550 3321 573 3374 B
590 3323 625 3390 Ιὸ
645 3325 741 3378 οω.Β
796 3329 828 3377 17
847 3324 926 3392 ὑμῶν
943 3324 966 3376 Β
983 3327 988 3393 1
1005 3322 1158 3446 εύτρεπὲὶῆ)

156 3379 221 3446 Β,“
251 3393 284 3440 22
303 3394 465 3459 Λουκρίτιος
487 3394 517 3445 et
540 3391 580 3446 sie
603 3409 712 3461 semper
728 3393 776 3448 Bb
796 3395 801 3463 Ι
821 3394 972 3463 παρελθὼν
997 3411 1019 3451 ο.
1044 3394 1102 3448 Reu

157 3449 247 3506 Tiroe.
266 3471 292 3521 p.
308 3463 341 3508 36
1132 3410 1159 3448 er
