2384 3902
135 195 202 260 302
565 195 726 248 -ἴ-

135 353 168 422 δ’
194 356 268 440 ἑξῆς
294 355 402 442 ημέρςι
424 367 536 441 παρῆν
559 357 602 422 οὐ
625 359 733 440 μόνον
763 355 782 421 ὁ
810 357 894 420 κατά
917 360 1018 422 πόλιν
1047 357 1151 441 όχλος,

135 463 219 528 ἀλλὰ
246 461 301 528 καὶ
329 463 366 528 ἐκ
390 473 458 527 τῶν
481 463 647 546 σύνεγγυς
669 461 783 548 ἀγρῶν
805 463 844 527 τὸ
868 464 1052 547 δημοτικὸν
1076 469 1152 546 πλῆ-

134 577 199 646 θος
220 567 275 634 καὶ
298 565 342 652 ἦν
364 569 398 648 ἐξ
422 568 572 635 ἑωθινοῦ
593 571 723 654 πλήρης
743 569 765 652 ἡ
789 567 906 654 ἀγορά.
942 578 1001 652 τῆς
1021 566 1060 634 δέ
1079 573 1151 653 βου-

135 682 195 759 λῆς
217 679 458 760 συναχθείσης,
488 676 545 740 ἵνα
567 674 797 760 περὶτούτων
820 676 1055 760 βουλεύσειεν,
1086 677 1151 741 ὅτι

108 785 198 868 τχρὴ
229 783 402 867 πράττειν,
435 782 453 847 ὁ
484 779 546 866 μὲν
566 780 708 858 Ἀππιος
735 784 931 866 δημοκόπον
960 781 1072 847 ἐκάλει
1099 784 1189 847 τὸνόλι

135 889 345 973 συνάρχοντα
376 887 432 953 καλ
459 898 517 973 τῆς
547 888 709 965 ἀπονοίας
734 899 803 953 τῶν
833 888 970 973 ἀπόρων
998 889 1150 973 ἡγεμόνα,

60 986 73 1007 ⁵
136 996 154 1059 ὁ
187 993 225 1059 δὲ
253 998 452 1079 Σερουίλιος
484 996 615 1060 ἐκεῖνον
647 994 816 1079 αὐστηρὸν
848 993 904 1060 καὶ
937 995 1078 1079 αὐθάδη
1105 993 1151 1060 καλ

135 1111 203 1164 τῶν
225 1104 402 1182 παρόντων
423 1110 464 1186 τῇ
487 1105 582 1168 πόλει
604 1111 716 1167 κακῶν
735 1107 857 1166 αἴτιον·
885 1099 981 1178 τέλος
1000 1099 1031 1166 δ’
1058 1099 1150 1167 οὐδὲν

99 1209 120 1272 2
135 1205 263 1289 ἐγίνετο
285 1219 353 1272 τῶν
376 1212 495 1291 λόγων.
534 1207 571 1274 ἐν
589 1204 628 1272 δὲ
645 1208 754 1294 τούτῳ
768 1211 926 1273 Λατίνων
947 1209 1060 1283 ίππεῐς
1077 1207 1150 1272 κατά

96 1333 121 1371 ιο
134 1314 287 1396 σπουδὴν
305 1313 502 1390 ἐλαύνοντες
519 1316 600 1390 τοὺς
617 1315 741 1389 ἵππους
758 1322 913 1397 παρῆσαν
933 1314 981 1390 είς
998 1314 1064 1396 τὴν
1083 1313 1149 1396 ἀγο-
1188 1375 1189 1410 χ

135 1421 198 1502 ράν
222 1419 463 1503 ἐξεληλυθότας
486 1418 705 1503 ἀγγέλλοντες
726 1421 806 1496 τούς
829 1421 1013 1503 πολεμίους
1031 1421 1149 1504 μεγάλη

135 1535 273 1613 στρατιᾷ
299 1525 355 1591 καὶ
383 1529 482 1602 ὄντας
509 1524 562 1590 ἐπὶ
590 1537 662 1603 τοῖς
691 1525 820 1592 ἑαυτῶν
848 1526 956 1610 ὁρίοις
979 1527 1058 1609 ἤδη.
1103 1525 1149 1592 καὶ

135 1634 171 1697 οί
191 1629 253 1718 μὲν
275 1643 389 1716 ταῦτα,
413 1629 504 1698 οίδέ
522 1635 691 1717 πατρίκιοι
708 1631 764 1697 καὶ
782 1634 820 1698 τὸ
838 1643 907 1698 τῶν
928 1631 1060 1698 ἱππέων
1078 1639 1149 1717 πλῆ-

134 1744 199 1815 θος
221 1751 289 1804 τῶν
311 1736 343 1803 τ’
369 1741 491 1821 ἄλλων,
515 1740 591 1804 ὅσοι
610 1739 777 1815 πλούτους
794 1738 815 1823 ἣ
834 1737 936 1816 δόξας
954 1742 1150 1824 προγονικάς

96 1862 122 1902 15
136 1839 242 1928 εἶχον,
273 1836 327 1910 οία
351 1846 392 1929 δὴ
415 1843 492 1931 περὶ
514 1846 669 1930 μεγάλων
691 1847 950 1923 κινδυνεύοντες
974 1847 1148 1926 ὡπλιῖοντο

100 1951 192 2016 3διά
218 1951 353 2036 τάχους·
386 1953 460 2017 ὅσοι
488 1950 519 2016 δ’
542 1947 628 2035 ἦσαν
652 1951 764 2016 αὐτῶν
787 1953 923 2036 ἄποροι,
954 1947 1098 2036 μάλιστα
1119 1949 1145 2016 δ’

136 2058 171 2122 οί
190 2068 260 2134 τοῖς
284 2059 430 2135 δανείοις
452 2061 651 2142 πιεζόμενοι,
675 2054 754 2124 οὐθ’
776 2059 890 2123 ὅπλων
913 2059 1061 2142 ἥπτοντο
1079 2053 1145 2124 οὐτ’

135 2166 242 2242 άλλως
269 2168 468 2250 παρείχοντο
496 2177 567 2242 τοῖς
588 2177 718 2242 κοινοῖς
739 2166 933 2250 πράγμασιν
958 2165 1147 2251 ἐπικουρίαν

136 2271 312 2355 οὐδεμίαν,
340 2271 500 2356 ἡδόμενοι
528 2269 565 2336 δὲ
592 2271 647 2337 καί
674 2269 746 2338 κατ’
769 2271 871 2356 εὐχὴν
895 2272 1073 2357 δεχόμενοι
1094 2273 1147 2336 τὸν

96 2395 122 2435 ιο
136 2376 263 2455 ἔξωθεν
286 2381 444 2462 πόλεμον,
468 2378 513 2454 ὡς
535 2389 603 2442 τῶν
625 2381 802 2462 παρόντων
824 2387 914 2462 σφᾶς
931 2389 1047 2445 κακῶν
1064 2377 1145 2444 ἐλευ-
1187 2361 1188 2440 ἶ

135 2485 340 2567 θερώσοντα,
364 2495 435 2561 τοῖς
453 2481 533 2568 <ab
553 2482 727 2568 δεομένοις
749 2484 890 2569 ἀμύνειν
909 2483 1146 2559 ἐπιδεικνύντες

64 2624 82 2677 >
135 2591 193 2666 τάς
220 2589 354 2668 ἁλύσεις
381 2589 437 2656 καὶ
459 2592 518 2666 τάς
539 2588 657 2672 πέδας,
685 2591 981 2676 ἐπικερτομοῦντες
1003 2590 1169 2676 ἠρώτων,11

136 2698 167 2762 εί
185 2699 313 2763 τούτων
331 2703 484 2782 φυλακῆς
507 2697 605 2762 ἕνεκα
624 2709 692 2762 τῶν
711 2696 851 2780 ἀγαθῶν
870 2695 966 2776 ἀξιον
986 2705 1037 2784 εἴη
1056 2701 1144 2782 σφίσι

113 2809 304 2888 πολεμεῖν·
345 2802 463 2871 πολλοὶ
496 2801 533 2868 δὲ
565 2801 620 2869 καὶ
650 2803 759 2888 λέγειν
788 2804 951 2890 ἐτόλμων,
986 2805 1033 2882 ὡς
1062 2806 1144 2889 ἀμει

95 2929 121 2970 ιι
135 2934 197 2976 νον
225 2915 275 2994 εἴη
302 2909 529 2987 Οὐολούσκοις
556 2911 731 2976 δουλεύειν
759 2916 887 2996 μᾶλλον
914 2911 935 2994 ἢ
959 2913 1019 2989 τὰς
1041 2911 1144 2996 ὕβρεις

134 3027 202 3082 τῶν
234 3019 416 3101 πατρικίων
444 3013 637 3100 ὑπομένειν·
674 3017 695 3099 ὅ
725 3039 760 3081 τε
794 3020 891 3094 πόλις
923 3019 1071 3102 οἰμωγῆς
1094 3013 1142 3080 καὶ

158 3303 166 3324 ,
207 3241 428 3312 6ἀπο<νοί>ας
445 3241 468 3292 Β
485 3242 489 3309 Ι
505 3239 704 3362 spamam
778 3250 811 3298 16
830 3245 924 3298 αὐτῶν
948 3246 1017 3313 post
1035 3242 1141 3314 μάλιστα
1186 3265 1187 3292 ι

137 3309 155 3358 δ
182 3310 342 3374 ponendum
357 3311 520 3364 οοιιιελΒῦο
542 3311 600 3364 olor
628 3313 721 3366 αὐτῶν
738 3313 792 3367 δελ.
803 3313 926 3383 Sylburg
954 3313 1017 3370 ὅσοι
1035 3313 1062 3368 δ’
1076 3307 1141 3380 ἦσαν

138 3382 193 3451 τῶν
216 3375 330 3444 ἀπόρων
353 3395 375 3432 ο.
401 3379 573 3448 Grasberger
591 3381 668 3436 Τεεε.
686 3381 801 3451 Herbip.
821 3401 848 3452 p.
864 3389 898 3438 29
992 3388 1026 3439 21
1046 3381 1075 3438 δὲ
1091 3381 1140 3436 del.

138 3440 242 3495 Remke
313 3452 347 3498 24
366 3445 397 3500 δὲ
416 3449 511 3504 om.B
