2400 3912
464 232 627 280 -Δ-
1010 228 1054 294 25

51 392 129 466 λείας
157 389 250 468 ἄξιος
280 389 533 475 παραλαμβάνει
559 390 634 454 τότε
660 390 723 474 την
750 373 856 476 ἀρχὴν
882 393 972 477 παρὰ
994 400 1055 456 τοῦ

52 497 217 579 δημοτικοῦ
246 497 401 579 πλήθους
427 496 535 560 πολλά
561 498 691 581 χαίρειν
718 504 757 580 τῇ
784 500 890 582 βουλῇ
914 497 1054 582 φράσας,

51 601 86 684 ἣν
115 600 173 666 ούκ
205 601 349 684 ἠξίωσεν
381 600 584 686 ἐπικυρῶσαι
611 603 652 666 τὰ
678 611 740 668 τοῦ
767 603 876 688 δημου
902 604 1055 688 κρίματα,

11 708 151 795 assumo
181 708 266 792 αὐτῇ
296 717 407 773 ποιεῖν
438 711 519 785 ἔθος
545 703 597 791 ἦν.
633 717 755 774 τοῦτον
783 705 821 774 δὲ
847 709 908 774 τὸν
929 712 1055 794 τρόπον

51 811 94 876 ἐπὶ
118 814 177 896 την
202 816 379 897 βασιλείαν
405 813 586 900 παρελθὼν
612 818 746 880 πολλῶν
773 810 835 899 μὲν
862 813 918 880 καὶ
944 816 1082 880 άλλωνῡ

49 920 288 1005 πολιτευμάτων
317 920 493 1003 εἰσηγητὴς
515 917 661 1002 ἐγένετο,
684 918 790 1004 μέγαν
814 917 851 986 δὲ
873 920 929 986 καὶ
951 921 1055 1003 λόγου

49 1025 130 1104 ἀξιον
152 1023 339 1110 ἐπολέμησε
360 1026 446 1112 πρὸς
466 1028 663 1111 Τυρρηνούς
684 1028 840 1111 πόλεμον.
876 1029 1056 1111 ποιήσομαι

49 1129 80 1195 δὲ
99 1129 172 1219 περὶ
195 1142 264 1197 τῶν
282 1131 536 1215 πολιτευμάτων
554 1131 659 1196 αὐτοῦ
676 1142 811 1219 πρῶτον
829 1135 908 1210 τοὺς
926 1134 1056 1215 λόγους.

104 1237 192 1303 XIII.
224 1237 344 1314 Εὐθὺς
372 1237 440 1321 ἅμα
466 1244 512 1325 τςδ
540 1239 746 1323 παραλαβεῖν
771 1238 833 1321 τὴν
862 1238 967 1322 ἀρχὴν
991 1236 1056 1302 διέ-

48 1343 129 1429 νειμε
154 1345 219 1428 την
248 1344 415 1429 δημοσίαν
442 1342 556 1428 χώραν
579 1353 649 1420 τοῖς
671 1345 855 1427 θητεύουσι
873 1339 1056 1429 Ῥωμαίων·
1071 1360 1097 1400 10

49 1453 147 1516 ἔπειτα
176 1451 258 1527 τοὺς
285 1450 412 1534 νόμους
433 1450 514 1526 τούς
535 1471 571 1514 τε
594 1451 876 1526 συναλλακτικοὺς
898 1447 954 1515 καὶ
978 1452 1056 1526 τοὺς

49 1555 112 1642 περὶ
133 1567 203 1622 τῶν
227 1555 442 1640 ἀδικημάτων
465 1554 654 1641 ἐπεκύρωσε
676 1566 747 1634 ταῖς
770 1555 945 1641 φράτραις·
970 1550 1057 1638 ἦσαν

50 1660 79 1728 δὲ
103 1662 311 1747 πεντήκοντά
337 1683 405 1728 που
432 1661 574 1745 μάλιστα
599 1665 660 1728 τὸν
687 1661 850 1748 ἀριθμόν,
879 1657 927 1726 ὧν
955 1659 1057 1727 οὐδὲν

49 1767 156 1853 δέομαι
179 1773 371 1852 μεμνῆσθαι
393 1769 536 1833 κατὰτὸ
558 1770 676 1854 παρόν.
717 1775 757 1853 τῇ
780 1791 815 1834 τε
837 1771 932 1834 πόλει
954 1768 1093 1854 προσ-2

48 1872 141 1959 ἐθηκε
173 1875 237 1939 δύο
270 1875 414 1958 λόφους,
446 1876 506 1939 τόν
533 1896 569 1939 τε
598 1873 819 1960 Οὐιμινάλιον
848 1875 1056 1958 καλούμενον
1071 1888 1096 1929 1⁵

48 1979 96 2045 καὶ
116 1982 155 2046 τὸ
174 1978 374 2063 Ἰσκυλῖνον,
399 1975 447 2044 ὧν
470 1975 623 2066 ἑκάτερος
646 1978 824 2064 ἀξιολόγου
846 1983 974 2056 πόλεως
992 1981 1057 2063 ἔχει

48 2085 192 2170 μέγεθος,
215 2082 272 2152 καὶ
297 2084 462 2169 διένειμεν
481 2086 605 2163 αὐτοὺς
621 2097 693 2164 τοῖς
711 2085 875 2164 ἀνεστίοις
888 2083 1058 2170 Ῥωμαίων

49 2193 147 2271 οἰκίας
177 2191 506 2258 κατασκευάσασθαι·
543 2195 630 2258 ἔνθα
661 2191 717 2258 καὶ
749 2193 848 2269 αὐτὸς
880 2191 1056 2274 ἐποιήσατο

48 2299 103 2382 την
121 2303 254 2383 οίκησιν
273 2297 310 2362 ἐν
328 2305 375 2384 τῷ
394 2299 558 2385 κρατίστην
577 2307 635 2382 τῆς
650 2294 813 2375 Ἰσκυλίας
829 2301 929 2385 τόπφ.
960 2293 1092 2374 οὗτος3

10 2403 68 2469 οτθδ
93 2407 247 2488 βασιλεὺς
274 2409 462 2480 τελευταῖος
488 2404 612 2488 ηύξησε
635 2405 695 2470 τὸν
716 2407 897 2491 περίβολον
919 2413 977 2487 της
999 2406 1057 2468 πό-
1071 2421 1098 2460 ιο

49 2515 124 2589 λεως
148 2512 228 2587 τοὺς
258 2510 320 2574 δύο
343 2519 414 2586 τοῖς
436 2507 534 2576 πέντε
556 2509 718 2596 προσθεὶς
740 2513 873 2596 λόφοις,
902 2509 1058 2596 ὀρνιθευ-

50 2617 183 2702 σάμενός
204 2637 240 2680 τε
262 2615 308 2692 ὡς
325 2617 428 2701 νόμος
446 2611 489 2699 ἧν
507 2613 562 2680 καὶ
580 2611 683 2682 τᾶλλα
701 2619 742 2682 τδι
759 2618 842 2703 πρὸς
860 2617 964 2693 θεοὺς
983 2616 1059 2681 ὅσια

50 2720 316 2808 διαπραξάμενος.
343 2719 543 2808 προσωτέρω
565 2716 599 2786 δ’
617 2721 727 2787 οὐκέτι
741 2726 914 2808 προῆλθεν
927 2721 948 2804 η
962 2743 1058 2786 κατα-

50 2830 142 2913 σκευὴ
170 2836 229 2911 τῆς
255 2830 384 2904 πόλεως
412 2827 474 2892 οὐκ
502 2826 638 2910 ἐῶντος,
666 2828 711 2904 ὥς
734 2845 832 2913 φασι,
859 2835 921 2892 τοῦ
944 2827 1058 2911 δαιμο-

49 2935 130 3017 νίου,
152 2927 225 2999 ἀλλ’
247 2935 340 2998 ἐστιν
363 2933 492 2997 ἅπαντα
514 2933 555 2996 τὰ
577 2930 652 3019 περὶ
675 2932 736 3015 την
758 2934 858 2998 πόλιν
880 2935 1059 3018 οἰκούμενα
1072 2949 1099 2990 25

49 3041 160 3124 χωρία,
189 3041 298 3105 πολλδι
326 3041 407 3103 όντα
434 3035 490 3102 καὶ
513 3039 653 3122 μεγάλα,
678 3040 792 3123 ’γυμνὰ
815 3037 870 3104 καὶ
894 3037 1058 3123 ἀτείχιστα
1189 3089 1190 3092 ¹

117 3273 130 3321 1
150 3264 368 3338 παραλαμβάνει
387 3295 421 3306 -·
441 3272 457 3320 2
476 3265 565 3320 πολλὰ
584 3265 648 3320 add.
667 3264 690 3316 B
777 3272 793 3319 3
812 3267 933 3336 κρίματα
952 3264 1016 3321 add.
1035 3265 1059 3318 B

50 3337 195 3406 8πράτων
209 3354 233 3394 ο.
247 3337 352 3392 Reiske
409 3341 442 3389 13
460 3355 516 3391 που
530 3337 649 3406 μάλιστα
664 3335 766 3389 add.B
821 3342 855 3391 16
875 3333 1059 3407 ίσκνλ<ῐ>νον

51 3403 73 3456 Β
141 3414 173 3462 18
199 3407 274 3463 ἔνθα
298 3407 353 3463 del.
372 3405 518 3476 Kiessling
545 3405 814 3462 κατασκευάσασθαι
843 3401 982 3462 ἐνταῦθα’
1012 3408 1060 3462 καὶ

51 3473 180 3532 Biicheler
253 3484 288 3534 26
306 3477 375 3533 όντα
393 3477 482 3533 πολλὰ
500 3477 553 3531 ΑΒ
1188 3509 1189 3558 3
