2384 3902
135 179 201 246 232
564 185 729 236 -E-

135 344 183 421 είς
200 337 328 429 Ῥώμην
352 342 559 428 ἀπέστειλαν,
585 348 621 410 οἳ
634 344 855 422 καταστάντες
873 342 927 411 ἐπὶ
944 346 1005 428 τήν
1024 346 1145 429 βουλήν

136 451 251 532 ἔλεγον
277 457 538 536 κατηγορεῖσθαι
566 452 627 535 τήν
653 453 753 518 πόλιν
781 451 892 518 αὐτῶν
920 451 984 517 ὑπὸ
1012 461 1070 535 της
1092 455 1145 517 πό-

135 561 218 634 λεως
246 568 314 624 τῦν
334 553 531 645 Ἀρικηνῶν,
559 559 611 624 ὅτι
641 560 788 643 πόλεμον
811 557 1039 644 ἐπιφερόντων
1066 563 1145 643 Τυρ-

135 675 249 750 ρηνῶν
264 660 451 750 Ἀρικηνοῖς
473 664 514 730 οὑ
537 666 644 750 μόνον
671 663 833 745 ἀσφαλεῖς
850 662 1019 751 παρέσχον
1037 664 1145 742 αὐτοῖς

107 772 191 838 εδιά
217 780 276 856 τῆς
303 769 432 838 ἑαυτῶν
458 771 568 859 χώρας
595 774 653 851 τάς
681 773 832 856 διόδους,
860 770 945 838 ἀλλά
972 769 1027 836 καὶ
1055 771 1143 837 συνέ

133 876 264 964 πραξαν
291 877 381 946 ὅσων
409 879 522 957 αὐτοῖς
549 881 598 958 είς
623 881 684 946 τὸν
711 882 857 964 πόλεμον
881 879 965 961 ἔδει,
994 877 1144 955 καὶτοὺς

134 987 305 1068 φυγόντας
327 983 364 1052 ἐκ
385 995 444 1070 τῆς
464 995 588 1072 τροπῆς
610 986 852 1072 ὑποδεξάμενοι
872 987 1078 1070 τραυματίας
1095 983 1142 1049 καλ

133 1088 301 1168 ἀνόπλους
323 1091 470 1170 ἅπαντας
492 1094 592 1170 ὄντας
612 1095 755 1176 ἔσωσαν,
780 1092 843 1158 οὐκ
861 1091 1079 1176 ἀγνοοῦντες,
1101 1091 1144 1155 δτι

134 1198 250 1263 κοινὸν
276 1195 400 1282 ἐπῆγον
428 1199 531 1264 ἅπασι
554 1208 625 1276 τοῖς
647 1196 827 1284 ὁμοεθνέσι
848 1200 1012 1282 πόλεμον,
1043 1195 1145 1262 καὶεί

95 1324 121 1365 ιο
134 1304 195 1387 τήν
217 1300 399 1389 Ἀρικηνῶν
421 1307 520 1370 πόλιν
543 1305 737 1392 ὑποχείριον
759 1307 892 1389 ἔλαβον,
916 1299 1018 1370 οὐδὲν
1042 1299 1142 1386 ἀνίην

133 1411 171 1476 τὸ
199 1414 353 1477 κωλῦσον
380 1411 503 1488 αὐτοὺς
528 1409 585 1477 καὶ
611 1413 670 1490 τὰς
697 1413 800 1488 ἀλλας
825 1410 1142 1478 καταδουλώσασθαι

99 1519 246 1594 ὃπόλεις
273 1517 410 1595 δικάσας.
456 1519 488 1584 εί
513 1514 575 1603 μὲν
603 1513 666 1586 οὖν
693 1520 917 1603 βουλήσονται
946 1518 1042 1595 δίκας
1067 1514 1141 1604 Ἀρι

134 1634 249 1708 κηυοῖς
271 1623 406 1709 ὑπέχειν
429 1622 482 1691 ἐπὶ
504 1625 543 1690 τὸ
561 1626 678 1691 κοινὸν
696 1637 763 1692 τῶν
776 1627 934 1692 Λατίνων
952 1623 1142 1710 ἀφικόμενοι

135 1730 350 1814 δικαστήριον
372 1729 428 1798 καὶ
451 1730 626 1817 στέρξουσι
648 1742 718 1810 τοῖς
739 1731 805 1798 ὑπὸ
827 1732 964 1797 πάντων
987 1732 1141 1813 δικασθη-

95 1856 121 1898 ιε
135 1834 305 1921 σομένοις,
338 1833 440 1904 οὐδὲν
467 1837 581 1916 αὑτοῖς
608 1840 739 1922 ἔφασαν
767 1839 899 1922 δεήσειν
921 1836 1084 1923 πολέμου
1118 1839 1142 1902 εί

135 1940 172 2008 δὲ
201 1944 263 2027 τήν
294 1947 428 2028 συνήθη
456 1944 663 2030 φυλάξαντες
689 1945 892 2028 αὐθάδειαν,
926 1942 1028 2011 οὐδὲν
1056 1943 1140 2023 ἀξιάε
1183 2005 1184 2010 ,

134 2066 233 2116 σουσι
261 2061 447 2136 συγχωρεῖν
469 2063 539 2130 τοῖς
561 2051 738 2136 συγγενέσι
760 2062 827 2117 τῶν
851 2053 993 2117 δικαίων
1015 2049 1070 2117 καὶ
1092 2045 1184 2135 ww

133 2160 248 2243 πρίων,
270 2158 430 2241 ἠπείλουν
452 2161 652 2244 πολεμήσειν
676 2158 790 2236 αὐτοῖς
810 2161 980 2235 Λατίνους
1002 2159 1141 2234 ἅπαντας

134 2263 198 2330 ἀνὰ
220 2264 348 2350 κράτος.
393 2299 395 2302 v

51 2365 54 2372 ’
93 2391 120 2432 εο
200 2370 302 2437 LXII.
328 2375 439 2436 Ταῦτα
461 2368 743 2457 προκαλουμένων
764 2382 833 2438 τῶν
855 2374 1068 2457 πρεσβευτῶν
1085 2371 1140 2436 οὑκ
1182 2411 1183 2428 ι

134 2476 272 2556 ἀξιοῦσα
299 2479 397 2562 δίκην
419 2477 579 2562 ὑποσχεῖν
599 2475 785 2564 Ἀρικηνοῖς
806 2478 826 2562 ἡ
849 2479 975 2562 βουλή,
1001 2475 1075 2563 περὶ
1097 2472 1139 2541 ὧν

134 2583 170 2648 οί
194 2593 457 2669 κατηγοροῦντες
483 2587 622 2669 ἔμελλον
649 2586 807 2669 γίνεσθαι
833 2587 958 2670 κριταί,
987 2583 1042 2650 καὶ
1067 2579 1138 2650 οὑδὲ

133 2687 229 2774 μέχρι
265 2691 394 2756 τούτων
429 2692 544 2771 κριτὰς
579 2693 717 2757 ἔσεσθαι
753 2691 1039 2776 ὑπολαμβάνουσα
1066 2693 1138 2766 τοὺς

98 2793 293 2883 δέχὺροάς,
322 2796 405 2864 ἀλλά
431 2799 641 2885 προσθήσειν
668 2799 717 2864 έτι
739 2799 905 2884 βαρύτερα
928 2799 1056 2864 τούτων
1077 2797 1137 2862 έπι-

92 2921 119 2964 ετ
132 2904 292 2989 τάγματα,
316 2902 473 2990 δέχεσθαι
495 2906 556 2970 τὸν
577 2907 724 2990 πόλεμον
746 2904 965 2991 ίὺηφίσαντο.
1008 2915 1062 2990 τῆς
1082 2900 1136 2988 μὲν

134 3006 197 3078 οὖν
227 3010 344 3097 ἀρετῆς
367 3009 463 3076 ἕνεκα
484 3007 540 3076 καὶ
562 3021 620 3095 τῆς
642 3011 812 3096 ἐμπειρίας
834 3021 902 3078 τῶν
927 3011 1066 3096 ἀγώνων
1085 3007 1135 3074 οὑ-

207 3235 407 3290 1οἳοιπ.Βω
479 3243 512 3292 12
530 3237 625 3302 πόλεις
648 3238 755 3293 αᾰδΒ
829 3246 863 3294 14
881 3239 931 3294 καὶ
948 3233 1133 3312 <emmiu

135 3318 190 3356 rau.
209 3311 226 3356 4
244 3305 300 3358 litt.
318 3307 342 3359 B
379 3307 522 3376 στέρξουσι
540 3308 630 3363 Cobet
648 3309 714 3365 Oba.
732 3327 760 3378 p.
781 3316 833 3365 104
918 3315 952 3364 22
972 3308 1065 3379 κριτάε
1081 3304 1134 3360 ἕθε-

138 3373 208 3424 αῦαι
228 3372 260 3424 in
282 3375 470 3443 suspicionem
487 3382 571 3432 vocat
588 3378 678 3434 Cobet
695 3379 761 3434 Oba.
780 3380 798 3434 l.
817 3379 837 3435 l.
874 3387 929 3435 τῶν
952 3375 1134 3502 ἐπεταχχιάπων

138 3440 204 3502 post
222 3437 338 3496 ἔσεσθαι
356 3445 461 3499 αδδΒ
515 3453 549 3502 25
568 3444 788 3518 ἒφηφίσακτοθ
825 3446 989 3520 ἐψηφίσατο
1007 3467 1030 3504 ο.
1063 3449 1134 3502 ortus
