<?xml version="1.0" encoding="UTF-8"?>
<!DOCTYPE html PUBLIC "-//W3C//DTD XHTML 1.0 Transitional//EN"
    "http://www.w3.org/TR/xhtml1/DTD/xhtml1-transitional.dtd">
<html xmlns="http://www.w3.org/1999/xhtml" xml:lang="en" lang="en">
 <head>
  <title>
</title>
<meta http-equiv="Content-Type" content="text/html;charset=utf-8" />
  <meta name='ocr-system' content='tesseract 3.04.00' />
  <meta name='ocr-capabilities' content='ocr_page ocr_carea ocr_par ocr_line ocrx_word'/>
</head>
<body>
  <div class='ocr_page' id='page_1' title='image "./antiquitatumrom01jacogoog_0354.png"; bbox 0 0 2394 3912; ppageno 0'>
   <div class='ocr_carea' id='block_1_1' title="bbox 468 201 628 253">
    <p class='ocr_par' dir='ltr' id='par_1_1' title="bbox 468 201 628 253">
     <span class='ocr_line' id='line_1_1' title="bbox 468 201 628 253; baseline 0 -13"><span class='ocrx_word' id='word_1_1' title='bbox 468 201 628 253; x_wconf 78' lang='grc' dir='ltr'><em>,ς-</em></span> 
     </span>
    </p>
   </div>
   <div class='ocr_carea' id='block_1_2' title="bbox 4 358 1092 3018">
    <p class='ocr_par' dir='ltr' id='par_1_2' title="bbox 7 358 1092 1617">
     <span class='ocr_line' id='line_1_2' title="bbox 33 358 1053 450; baseline 0 -22"><span class='ocrx_word' id='word_1_2' title='bbox 33 363 254 449; x_wconf 82' lang='grc' dir='ltr'><em>ἀνθρωπείου</em></span> <span class='ocrx_word' id='word_1_3' title='bbox 284 362 439 446; x_wconf 87' lang='grc' dir='ltr'><em>σώματος</em></span> <span class='ocrx_word' id='word_1_4' title='bbox 471 358 536 426; x_wconf 86' lang='grc' dir='ltr'><em>αἰεὶ</em></span> <span class='ocrx_word' id='word_1_5' title='bbox 564 363 601 427; x_wconf 90' lang='grc' dir='ltr'><em>τὸ</em></span> <span class='ocrx_word' id='word_1_6' title='bbox 629 360 757 445; x_wconf 90' lang='grc' dir='ltr'><em>κάμνον</em></span> <span class='ocrx_word' id='word_1_7' title='bbox 785 360 962 447; x_wconf 78' lang='grc' dir='ltr'><strong><em>ἀποτεμεῖν</em></strong></span> <span class='ocrx_word' id='word_1_8' title='bbox 990 365 1053 450; x_wconf 89' lang='grc' dir='ltr'><em>χρή</em></span> 
     </span>
     <span class='ocr_line' id='line_1_3' title="bbox 32 466 1055 555; baseline 0.001 -21"><span class='ocrx_word' id='word_1_9' title='bbox 32 467 141 553; x_wconf 86' lang='grc' dir='ltr'><em>μέρος·</em></span> <span class='ocrx_word' id='word_1_10' title='bbox 176 468 301 553; x_wconf 91' lang='grc' dir='ltr'><em>αἰσχρά</em></span> <span class='ocrx_word' id='word_1_11' title='bbox 323 489 359 532; x_wconf 90' lang='grc' dir='ltr'><em>τε</em></span> <span class='ocrx_word' id='word_1_12' title='bbox 382 468 449 552; x_wconf 84' lang='grc' dir='ltr'><em>γάρ</em></span> <span class='ocrx_word' id='word_1_13' title='bbox 472 466 492 550; x_wconf 88' lang='grc' dir='ltr'><em>ή</em></span> <span class='ocrx_word' id='word_1_14' title='bbox 517 468 593 544; x_wconf 78' lang='grc' dir='ltr'><em>ὄψις</em></span> <span class='ocrx_word' id='word_1_15' title='bbox 616 466 658 532; x_wconf 88' lang='grc' dir='ltr'><em>ἀν</em></span> <span class='ocrx_word' id='word_1_16' title='bbox 676 470 804 551; x_wconf 81' lang='grc' dir='ltr'><em>γίνοιτο</em></span> <span class='ocrx_word' id='word_1_17' title='bbox 824 477 885 534; x_wconf 88' lang='grc' dir='ltr'><em>τοῦ</em></span> <span class='ocrx_word' id='word_1_18' title='bbox 904 469 1055 555; x_wconf 88' lang='grc' dir='ltr'><em>λειπομέ-</em></span> 
     </span>
     <span class='ocr_line' id='line_1_4' title="bbox 32 571 1054 661; baseline 0.002 -21"><span class='ocrx_word' id='word_1_19' title='bbox 32 599 91 641; x_wconf 92' lang='grc' dir='ltr'><em>νου</em></span> <span class='ocrx_word' id='word_1_20' title='bbox 109 572 166 640; x_wconf 85' lang='grc' dir='ltr'><em>καί</em></span> <span class='ocrx_word' id='word_1_21' title='bbox 186 573 209 657; x_wconf 85' lang='grc' dir='ltr'><em>ή</em></span> <span class='ocrx_word' id='word_1_22' title='bbox 230 575 335 658; x_wconf 88' lang='grc' dir='ltr'><em>φύσις</em></span> <span class='ocrx_word' id='word_1_23' title='bbox 354 573 417 638; x_wconf 89' lang='grc' dir='ltr'><em>οὐκ</em></span> <span class='ocrx_word' id='word_1_24' title='bbox 436 571 490 638; x_wconf 84' lang='grc' dir='ltr'><em>έπί</em></span> <span class='ocrx_word' id='word_1_25' title='bbox 504 575 591 638; x_wconf 83' lang='grc' dir='ltr'><em>πολὺ</em></span> <span class='ocrx_word' id='word_1_26' title='bbox 610 574 761 660; x_wconf 86' lang='grc' dir='ltr'><em>διαρκής·</em></span> <span class='ocrx_word' id='word_1_27' title='bbox 788 576 865 641; x_wconf 80' lang='grc' dir='ltr'><em>οὔτε</em></span> <span class='ocrx_word' id='word_1_28' title='bbox 883 582 1054 661; x_wconf 72' lang='grc' dir='ltr'><em>πολιτικῆς</em></span> 
     </span>
     <span class='ocr_line' id='line_1_5' title="bbox 32 678 1052 767; baseline 0 -20"><span class='ocrx_word' id='word_1_29' title='bbox 32 683 210 758; x_wconf 83' lang='grc' dir='ltr'><em>κοινωνίας</em></span> <span class='ocrx_word' id='word_1_30' title='bbox 238 681 302 764; x_wconf 88' lang='grc' dir='ltr'><em>τήν</em></span> <span class='ocrx_word' id='word_1_31' title='bbox 332 688 505 746; x_wconf 88' lang='grc' dir='ltr'><em>νοσοῦσαν</em></span> <span class='ocrx_word' id='word_1_32' title='bbox 531 678 721 758; x_wconf 78' lang='grc' dir='ltr'><em>ἐξελαύνειν</em></span> <span class='ocrx_word' id='word_1_33' title='bbox 747 691 882 767; x_wconf 83' lang='grc' dir='ltr'><em>μοῖραν·</em></span> <span class='ocrx_word' id='word_1_34' title='bbox 921 681 961 746; x_wconf 86' lang='grc' dir='ltr'><em>ού</em></span> <span class='ocrx_word' id='word_1_35' title='bbox 989 685 1052 767; x_wconf 83' lang='grc' dir='ltr'><em>γάρ</em></span> 
     </span>
     <span class='ocr_line' id='line_1_6' title="bbox 32 787 1081 872; baseline -0.001 -21"><span class='ocrx_word' id='word_1_36' title='bbox 32 787 70 852; x_wconf 87' lang='grc' dir='ltr'><em>άν</em></span> <span class='ocrx_word' id='word_1_37' title='bbox 98 788 235 872; x_wconf 88' lang='grc' dir='ltr'><em>φθάνοι</em></span> <span class='ocrx_word' id='word_1_38' title='bbox 267 789 325 852; x_wconf 87' lang='grc' dir='ltr'><em>διά</em></span> <span class='ocrx_word' id='word_1_39' title='bbox 353 797 422 851; x_wconf 76' lang='grc' dir='ltr'><em>τῶν</em></span> <span class='ocrx_word' id='word_1_40' title='bbox 451 787 547 851; x_wconf 82' lang='grc' dir='ltr'><em>ἰδίων</em></span> <span class='ocrx_word' id='word_1_41' title='bbox 574 797 685 871; x_wconf 79' lang='grc' dir='ltr'><em>μερῶν</em></span> <span class='ocrx_word' id='word_1_42' title='bbox 711 789 749 852; x_wconf 90' lang='grc' dir='ltr'><em>τὸ</em></span> <span class='ocrx_word' id='word_1_43' title='bbox 776 788 910 872; x_wconf 92' lang='grc' dir='ltr'><em>σύμπαν</em></span> <span class='ocrx_word' id='word_1_44' title='bbox 933 787 1081 855; x_wconf 81' lang='grc' dir='ltr'><em>ἀπολύ-ε</em></span> 
     </span>
     <span class='ocr_line' id='line_1_7' title="bbox 32 889 1051 980; baseline 0.001 -20"><span class='ocrx_word' id='word_1_45' title='bbox 32 918 130 977; x_wconf 90' lang='grc' dir='ltr'><em>μενον</em></span> <span class='ocrx_word' id='word_1_46' title='bbox 153 897 223 960; x_wconf 87' lang='grc' dir='ltr'><em>σὺν</em></span> <span class='ocrx_word' id='word_1_47' title='bbox 247 896 374 980; x_wconf 74' lang='grc' dir='ltr'><em>χρόνῳ·</em></span> <span class='ocrx_word' id='word_1_48' title='bbox 407 900 466 976; x_wconf 81' lang='grc' dir='ltr'><em>τῆς</em></span> <span class='ocrx_word' id='word_1_49' title='bbox 487 889 518 956; x_wconf 86' lang='grc' dir='ltr'><em>τ’</em></span> <span class='ocrx_word' id='word_1_50' title='bbox 536 891 682 976; x_wconf 78' lang='grc' dir='ltr'><em>ἀνάγκης</em></span> <span class='ocrx_word' id='word_1_51' title='bbox 701 893 950 978; x_wconf 87' lang='grc' dir='ltr'><em>ἐνθυμηθέντες</em></span> <span class='ocrx_word' id='word_1_52' title='bbox 969 895 1051 961; x_wconf 86' lang='grc' dir='ltr'><em>ὅσον</em></span> 
     </span>
     <span class='ocr_line' id='line_1_8' title="bbox 32 990 1051 1086; baseline 0.005 -23"><span class='ocrx_word' id='word_1_53' title='bbox 32 1002 65 1064; x_wconf 88' lang='grc' dir='ltr'><em>τὸ</em></span> <span class='ocrx_word' id='word_1_54' title='bbox 91 1001 231 1086; x_wconf 89' lang='grc' dir='ltr'><em>κράτος,</em></span> <span class='ocrx_word' id='word_1_55' title='bbox 261 990 363 1086; x_wconf 77' lang='grc' dir='ltr'><em>ᾖκαὶ</em></span> <span class='ocrx_word' id='word_1_56' title='bbox 385 997 464 1064; x_wconf 81' lang='grc' dir='ltr'><em>θεοὶ</em></span> <span class='ocrx_word' id='word_1_57' title='bbox 487 1003 614 1064; x_wconf 88' lang='grc' dir='ltr'><em>εἰκοοσι</em></span> <span class='ocrx_word' id='word_1_58' title='bbox 636 1001 739 1084; x_wconf 87' lang='grc' dir='ltr'><em>μόνη,</em></span> <span class='ocrx_word' id='word_1_59' title='bbox 771 1001 815 1084; x_wconf 88' lang='grc' dir='ltr'><em>μή</em></span> <span class='ocrx_word' id='word_1_60' title='bbox 840 1003 1051 1085; x_wconf 75' lang='grc' dir='ltr'><em>χαλεπαίνετε</em></span> 
     </span>
     <span class='ocr_line' id='line_1_9' title="bbox 7 1101 1058 1202; baseline 0.002 -30"><span class='ocrx_word' id='word_1_61' title='bbox 7 1108 109 1202; x_wconf 75' lang='grc' dir='ltr'><em>Ιπρὸς</em></span> <span class='ocrx_word' id='word_1_62' title='bbox 137 1109 200 1186; x_wconf 86' lang='grc' dir='ltr'><em>τάς</em></span> <span class='ocrx_word' id='word_1_63' title='bbox 232 1108 351 1192; x_wconf 90' lang='grc' dir='ltr'><em>τύχας,</em></span> <span class='ocrx_word' id='word_1_64' title='bbox 385 1101 472 1189; x_wconf 81' lang='grc' dir='ltr'><em>μηδ’.</em></span> <span class='ocrx_word' id='word_1_65' title='bbox 490 1104 535 1182; x_wconf 77' lang='grc' dir='ltr'><em>ὡς</em></span> <span class='ocrx_word' id='word_1_66' title='bbox 562 1103 718 1171; x_wconf 82' lang='grc' dir='ltr'><em>ἁπάντων</em></span> <span class='ocrx_word' id='word_1_67' title='bbox 745 1105 825 1190; x_wconf 83' lang='grc' dir='ltr'><em>ήμῑν</em></span> <span class='ocrx_word' id='word_1_68' title='bbox 851 1105 922 1172; x_wconf 92' lang='grc' dir='ltr'><em>κατ’</em></span> <span class='ocrx_word' id='word_1_69' title='bbox 950 1108 1058 1193; x_wconf 84' lang='grc' dir='ltr'><em>εὐχήν</em></span> 
     </span>
     <span class='ocr_line' id='line_1_10' title="bbox 33 1209 1048 1297; baseline 0.003 -21"><span class='ocrx_word' id='word_1_70' title='bbox 33 1211 198 1297; x_wconf 79' lang='grc' dir='ltr'><em>ἐσομένων</em></span> <span class='ocrx_word' id='word_1_71' title='bbox 227 1212 416 1288; x_wconf 75' lang='grc' dir='ltr'><em>αὐθαδείας</em></span> <span class='ocrx_word' id='word_1_72' title='bbox 443 1209 676 1294; x_wconf 77' lang='grc' dir='ltr'><em>ἐμπίμπλασθε</em></span> <span class='ocrx_word' id='word_1_73' title='bbox 703 1211 758 1277; x_wconf 86' lang='grc' dir='ltr'><em>καί</em></span> <span class='ocrx_word' id='word_1_74' title='bbox 786 1211 947 1296; x_wconf 86' lang='grc' dir='ltr'><em>ἀμαθίας,</em></span> <span class='ocrx_word' id='word_1_75' title='bbox 975 1212 1048 1280; x_wconf 85' lang='grc' dir='ltr'><em>ἀλλ’</em></span> 
     </span>
     <span class='ocr_line' id='line_1_11' title="bbox 33 1314 1092 1403; baseline -0.003 -19"><span class='ocrx_word' id='word_1_76' title='bbox 33 1318 253 1402; x_wconf 83' lang='grc' dir='ltr'><em>ἐπικλάσθητε</em></span> <span class='ocrx_word' id='word_1_77' title='bbox 281 1315 338 1382; x_wconf 88' lang='grc' dir='ltr'><em>καί</em></span> <span class='ocrx_word' id='word_1_78' title='bbox 365 1314 471 1394; x_wconf 83' lang='grc' dir='ltr'><em>εἰξατε</em></span> <span class='ocrx_word' id='word_1_79' title='bbox 497 1316 740 1402; x_wconf 90' lang='grc' dir='ltr'><em>παραδείγμασι</em></span> <span class='ocrx_word' id='word_1_80' title='bbox 768 1320 971 1403; x_wconf 83' lang='grc' dir='ltr'><em>χρησάμενοι</em></span> <span class='ocrx_word' id='word_1_81' title='bbox 993 1329 1051 1403; x_wconf 83' lang='grc' dir='ltr'><em>τής</em></span> <span class='ocrx_word' id='word_1_82' title='bbox 1065 1343 1092 1382; x_wconf 82' lang='grc' dir='ltr'><em>ιο</em></span> 
     </span>
     <span class='ocr_line' id='line_1_12' title="bbox 33 1422 1050 1510; baseline 0 -20"><span class='ocrx_word' id='word_1_83' title='bbox 33 1425 206 1508; x_wconf 84' lang='grc' dir='ltr'><em>εὐβουλίας</em></span> <span class='ocrx_word' id='word_1_84' title='bbox 226 1425 272 1508; x_wconf 88' lang='grc' dir='ltr'><em>μή</em></span> <span class='ocrx_word' id='word_1_85' title='bbox 291 1433 362 1500; x_wconf 81' lang='grc' dir='ltr'><em>τοίς</em></span> <span class='ocrx_word' id='word_1_86' title='bbox 381 1422 540 1505; x_wconf 85' lang='grc' dir='ltr'><em>ὀθνείοις,</em></span> <span class='ocrx_word' id='word_1_87' title='bbox 560 1422 645 1488; x_wconf 86' lang='grc' dir='ltr'><em>ἀλλά</em></span> <span class='ocrx_word' id='word_1_88' title='bbox 662 1433 731 1501; x_wconf 80' lang='grc' dir='ltr'><em>τοίς</em></span> <span class='ocrx_word' id='word_1_89' title='bbox 748 1422 919 1510; x_wconf 77' lang='grc' dir='ltr'><em>ἡμετέροις</em></span> <span class='ocrx_word' id='word_1_90' title='bbox 939 1425 1050 1491; x_wconf 77' lang='grc' dir='ltr'><em>αὐτῶν</em></span> 
     </span>
     <span class='ocr_line' id='line_1_13' title="bbox 34 1534 143 1617; baseline 0.055 -22"><span class='ocrx_word' id='word_1_91' title='bbox 34 1534 143 1617; x_wconf 76' lang='grc' dir='ltr'><em>ἔργοις.</em></span> 
     </span>
    </p>

    <p class='ocr_par' dir='ltr' id='par_1_3' title="bbox 33 1652 1091 1952">
     <span class='ocr_line' id='line_1_14' title="bbox 92 1652 1049 1740; baseline -0.001 -18"><span class='ocrx_word' id='word_1_92' title='bbox 92 1657 160 1724; x_wconf 90' lang='lat' dir='ltr'><em>LV.</em></span> <span class='ocrx_word' id='word_1_93' title='bbox 188 1654 260 1721; x_wconf 82' lang='grc' dir='ltr'><em>Καὶ</em></span> <span class='ocrx_word' id='word_1_94' title='bbox 288 1657 353 1740; x_wconf 85' lang='grc' dir='ltr'><em>γὰρ</em></span> <span class='ocrx_word' id='word_1_95' title='bbox 381 1654 489 1739; x_wconf 85' lang='grc' dir='ltr'><em>ἀνδρα</em></span> <span class='ocrx_word' id='word_1_96' title='bbox 512 1652 572 1719; x_wconf 77' lang='grc' dir='ltr'><em>ἕνα</em></span> <span class='ocrx_word' id='word_1_97' title='bbox 595 1652 650 1718; x_wconf 85' lang='grc' dir='ltr'><em>καί</em></span> <span class='ocrx_word' id='word_1_98' title='bbox 673 1656 771 1719; x_wconf 89' lang='grc' dir='ltr'><em>πόλιν</em></span> <span class='ocrx_word' id='word_1_99' title='bbox 795 1655 879 1739; x_wconf 82' lang='grc' dir='ltr'><em>ὅλην</em></span> <span class='ocrx_word' id='word_1_100' title='bbox 892 1654 954 1722; x_wconf 80' lang='grc' dir='ltr'><em>ἐπὶ</em></span> <span class='ocrx_word' id='word_1_101' title='bbox 976 1666 1049 1734; x_wconf 79' lang='grc' dir='ltr'><em>ταῖς</em></span> 
     </span>
     <span class='ocr_line' id='line_1_15' title="bbox 33 1759 1048 1848; baseline 0 -20"><span class='ocrx_word' id='word_1_102' title='bbox 33 1765 220 1841; x_wconf 85' lang='grc' dir='ltr'><em>καλλίσταις</em></span> <span class='ocrx_word' id='word_1_103' title='bbox 243 1771 312 1828; x_wconf 83' lang='grc' dir='ltr'><em>τῶν</em></span> <span class='ocrx_word' id='word_1_104' title='bbox 337 1762 433 1826; x_wconf 92' lang='grc' dir='ltr'><em>ἰδίων</em></span> <span class='ocrx_word' id='word_1_105' title='bbox 456 1759 608 1845; x_wconf 85' lang='grc' dir='ltr'><em>πράξεων</em></span> <span class='ocrx_word' id='word_1_106' title='bbox 626 1766 877 1846; x_wconf 72' lang='grc' dir='ltr'><em>φιλοτιμεῖσθαι</em></span> <span class='ocrx_word' id='word_1_107' title='bbox 895 1765 968 1848; x_wconf 93' lang='grc' dir='ltr'><em>χρή,</em></span> <span class='ocrx_word' id='word_1_108' title='bbox 992 1760 1048 1828; x_wconf 86' lang='grc' dir='ltr'><em>καί</em></span> 
     </span>
     <span class='ocr_line' id='line_1_16' title="bbox 34 1867 1091 1952; baseline -0.001 -19"><span class='ocrx_word' id='word_1_109' title='bbox 34 1873 84 1948; x_wconf 87' lang='grc' dir='ltr'><em>τάς</em></span> <span class='ocrx_word' id='word_1_110' title='bbox 99 1873 221 1948; x_wconf 80' lang='grc' dir='ltr'><em>λοιπὰς</em></span> <span class='ocrx_word' id='word_1_111' title='bbox 236 1869 326 1946; x_wconf 81' lang='grc' dir='ltr'><em>ὅπως</em></span> <span class='ocrx_word' id='word_1_112' title='bbox 343 1867 609 1952; x_wconf 84' lang='grc' dir='ltr'><em>ὁμολογούμεναι</em></span> <span class='ocrx_word' id='word_1_113' title='bbox 617 1868 752 1945; x_wconf 89' lang='grc' dir='ltr'><em>ταύταις</em></span> <span class='ocrx_word' id='word_1_114' title='bbox 763 1871 895 1935; x_wconf 83' lang='grc' dir='ltr'><em>ἔσονται</em></span> <span class='ocrx_word' id='word_1_115' title='bbox 905 1879 1050 1937; x_wconf 71' lang='grc' dir='ltr'><em>σκοπεῖν.</em></span> <span class='ocrx_word' id='word_1_116' title='bbox 1065 1891 1091 1932; x_wconf 85' lang='lat'><em>15</em></span> 
     </span>
    </p>

    <p class='ocr_par' dir='ltr' id='par_1_4' title="bbox 4 1971 1091 3018">
     <span class='ocr_line' id='line_1_17' title="bbox 4 1971 1050 2062; baseline 0.013 -33"><span class='ocrx_word' id='word_1_117' title='bbox 4 1976 119 2060; x_wconf 74' lang='grc' dir='ltr'><em>,ελὺμεῑς</em></span> <span class='ocrx_word' id='word_1_118' title='bbox 146 1981 270 2043; x_wconf 80' lang='grc' dir='ltr'><em>τοίνυν</em></span> <span class='ocrx_word' id='word_1_119' title='bbox 296 1977 361 2059; x_wconf 84' lang='grc' dir='ltr'><em>ήδη</em></span> <span class='ocrx_word' id='word_1_120' title='bbox 385 1975 530 2050; x_wconf 88' lang='grc' dir='ltr'><em>πολλοὺς</em></span> <span class='ocrx_word' id='word_1_121' title='bbox 552 1975 746 2057; x_wconf 89' lang='grc' dir='ltr'><em>πολεμίους,</em></span> <span class='ocrx_word' id='word_1_122' title='bbox 773 1971 833 2058; x_wconf 83' lang='grc' dir='ltr'><em>ὑφ’</em></span> <span class='ocrx_word' id='word_1_123' title='bbox 860 1971 908 2041; x_wconf 80' lang='grc' dir='ltr'><em>ὧν</em></span> <span class='ocrx_word' id='word_1_124' title='bbox 931 1978 971 2042; x_wconf 89' lang='grc' dir='ltr'><em>τά</em></span> <span class='ocrx_word' id='word_1_125' title='bbox 994 1975 1050 2062; x_wconf 83' lang='grc' dir='ltr'><em>μέ-</em></span> 
     </span>
     <span class='ocr_line' id='line_1_18' title="bbox 34 2063 1050 2168; baseline 0.001 -20"><span class='ocrx_word' id='word_1_126' title='bbox 34 2101 121 2164; x_wconf 86' lang='grc' dir='ltr'><em>γιστα</em></span> <span class='ocrx_word' id='word_1_127' title='bbox 148 2063 353 2168; x_wconf 81' lang='grc' dir='ltr'><em>ἠδικήθητε,</em></span> <span class='ocrx_word' id='word_1_128' title='bbox 381 2081 594 2164; x_wconf 85' lang='grc' dir='ltr'><em>ὑποχειρίους</em></span> <span class='ocrx_word' id='word_1_129' title='bbox 621 2081 793 2162; x_wconf 85' lang='grc' dir='ltr'><em>λαβόντες,</em></span> <span class='ocrx_word' id='word_1_130' title='bbox 822 2077 895 2145; x_wconf 73' lang='grc' dir='ltr'><em>οὔτ’</em></span> <span class='ocrx_word' id='word_1_131' title='bbox 917 2081 1050 2149; x_wconf 76' lang='grc' dir='ltr'><em>ἀνελεῖν</em></span> 
     </span>
     <span class='ocr_line' id='line_1_19' title="bbox 35 2183 1048 2275; baseline 0.001 -22"><span class='ocrx_word' id='word_1_132' title='bbox 35 2187 98 2255; x_wconf 80' lang='grc' dir='ltr'><em>οὔτ’</em></span> <span class='ocrx_word' id='word_1_133' title='bbox 114 2191 273 2275; x_wconf 79' lang='grc' dir='ltr'><em>ἐκβαλεῖν</em></span> <span class='ocrx_word' id='word_1_134' title='bbox 291 2187 409 2253; x_wconf 82' lang='grc' dir='ltr'><em>ἐκτῶν</em></span> <span class='ocrx_word' id='word_1_135' title='bbox 424 2185 521 2250; x_wconf 91' lang='grc' dir='ltr'><em>ἰδίων</em></span> <span class='ocrx_word' id='word_1_136' title='bbox 535 2183 751 2268; x_wconf 89' lang='grc' dir='ltr'><em>ἐβουλήθητε,</em></span> <span class='ocrx_word' id='word_1_137' title='bbox 766 2184 919 2252; x_wconf 78' lang='grc' dir='ltr'><em>ἀλλὰκαὶ</em></span> <span class='ocrx_word' id='word_1_138' title='bbox 934 2193 1048 2267; x_wconf 88' lang='grc' dir='ltr'><em>οἰκους</em></span> 
     </span>
     <span class='ocr_line' id='line_1_20' title="bbox 35 2287 1048 2382; baseline 0.002 -24"><span class='ocrx_word' id='word_1_139' title='bbox 35 2295 82 2360; x_wconf 83' lang='grc' dir='ltr'><em>καὶ</em></span> <span class='ocrx_word' id='word_1_140' title='bbox 108 2300 257 2382; x_wconf 78' lang='grc' dir='ltr'><em>κλήρους</em></span> <span class='ocrx_word' id='word_1_141' title='bbox 284 2292 400 2368; x_wconf 76' lang='grc' dir='ltr'><em>αὐτοῖς</em></span> <span class='ocrx_word' id='word_1_142' title='bbox 422 2287 576 2373; x_wconf 81' lang='grc' dir='ltr'><em>ἀπέδοτε,</em></span> <span class='ocrx_word' id='word_1_143' title='bbox 604 2287 658 2354; x_wconf 80' lang='grc' dir='ltr'><em>καὶ</em></span> <span class='ocrx_word' id='word_1_144' title='bbox 681 2293 842 2376; x_wconf 89' lang='grc' dir='ltr'><em>πατρίδας</em></span> <span class='ocrx_word' id='word_1_145' title='bbox 866 2295 985 2377; x_wconf 88' lang='grc' dir='ltr'><em>οἰκεῑν,</em></span> <span class='ocrx_word' id='word_1_146' title='bbox 1015 2295 1048 2374; x_wconf 89' lang='grc' dir='ltr'><em>ἐξ</em></span> 
     </span>
     <span class='ocr_line' id='line_1_21' title="bbox 35 2391 1091 2488; baseline -0.005 -20"><span class='ocrx_word' id='word_1_147' title='bbox 35 2398 77 2467; x_wconf 83' lang='grc' dir='ltr'><em>ἀν</em></span> <span class='ocrx_word' id='word_1_148' title='bbox 99 2406 248 2488; x_wconf 81' lang='grc' dir='ltr'><em>ἔφυσαν,</em></span> <span class='ocrx_word' id='word_1_149' title='bbox 282 2398 427 2480; x_wconf 87' lang='grc' dir='ltr'><em>εἰάσατε,</em></span> <span class='ocrx_word' id='word_1_150' title='bbox 456 2398 637 2481; x_wconf 73' lang='grc' dir='ltr'><em>ἰσοψήφοις</em></span> <span class='ocrx_word' id='word_1_151' title='bbox 658 2394 689 2459; x_wconf 89' lang='grc' dir='ltr'><em>τ’</em></span> <span class='ocrx_word' id='word_1_152' title='bbox 713 2391 799 2462; x_wconf 83' lang='grc' dir='ltr'><em>εἶναι</em></span> <span class='ocrx_word' id='word_1_153' title='bbox 821 2398 877 2464; x_wconf 84' lang='grc' dir='ltr'><em>καί</em></span> <span class='ocrx_word' id='word_1_154' title='bbox 899 2403 1051 2481; x_wconf 87' lang='grc' dir='ltr'><em>πολίταις</em></span> <span class='ocrx_word' id='word_1_155' title='bbox 1064 2424 1091 2464; x_wconf 82' lang='grc' dir='ltr'><em>ιο</em></span> 
     </span>
     <span class='ocr_line' id='line_1_22' title="bbox 36 2499 1084 2595; baseline 0.007 -23"><span class='ocrx_word' id='word_1_156' title='bbox 36 2508 201 2595; x_wconf 83' lang='grc' dir='ltr'><em>ὑμετέροις</em></span> <span class='ocrx_word' id='word_1_157' title='bbox 224 2507 290 2590; x_wconf 87' lang='grc' dir='ltr'><em>ήδη</em></span> <span class='ocrx_word' id='word_1_158' title='bbox 314 2501 403 2570; x_wconf 81' lang='grc' dir='ltr'><em>τισὶν</em></span> <span class='ocrx_word' id='word_1_159' title='bbox 426 2502 459 2582; x_wconf 86' lang='grc' dir='ltr'><em>ἐξ</em></span> <span class='ocrx_word' id='word_1_160' title='bbox 483 2503 595 2569; x_wconf 83' lang='grc' dir='ltr'><em>αὐτῶν</em></span> <span class='ocrx_word' id='word_1_161' title='bbox 619 2503 827 2589; x_wconf 86' lang='grc' dir='ltr'><em>ἐχαρίσασθε.</em></span> <span class='ocrx_word' id='word_1_162' title='bbox 843 2499 847 2506; x_wconf 79' lang='grc'><strong>’</strong></span> <span class='ocrx_word' id='word_1_163' title='bbox 864 2508 987 2575; x_wconf 90' lang='grc' dir='ltr'><em>τούτου</em></span> <span class='ocrx_word' id='word_1_164' title='bbox 1014 2505 1084 2579; x_wconf 86' lang='grc' dir='ltr'><em>δ’2</em></span> 
     </span>
     <span class='ocr_line' id='line_1_23' title="bbox 35 2609 1049 2699; baseline 0.006 -22"><span class='ocrx_word' id='word_1_165' title='bbox 35 2616 77 2678; x_wconf 85' lang='grc' dir='ltr'><em>ἔτι</em></span> <span class='ocrx_word' id='word_1_166' title='bbox 102 2613 387 2699; x_wconf 80' lang='grc' dir='ltr'><em>θαυμασιώτερον</em></span> <span class='ocrx_word' id='word_1_167' title='bbox 414 2612 515 2695; x_wconf 81' lang='grc' dir='ltr'><em>ἔργον</em></span> <span class='ocrx_word' id='word_1_168' title='bbox 542 2609 637 2693; x_wconf 83' lang='grc' dir='ltr'><em>ὑμῶν</em></span> <span class='ocrx_word' id='word_1_169' title='bbox 665 2612 728 2696; x_wconf 81' lang='grc' dir='ltr'><em>ἔχω</em></span> <span class='ocrx_word' id='word_1_170' title='bbox 757 2611 881 2697; x_wconf 85' lang='grc' dir='ltr'><em>λέγειν,</em></span> <span class='ocrx_word' id='word_1_171' title='bbox 915 2615 966 2682; x_wconf 84' lang='grc' dir='ltr'><em>ὅτι</em></span> <span class='ocrx_word' id='word_1_172' title='bbox 994 2616 1049 2683; x_wconf 83' lang='grc' dir='ltr'><em>καὶ</em></span> 
     </span>
     <span class='ocr_line' id='line_1_24' title="bbox 36 2717 1048 2806; baseline 0.007 -24"><span class='ocrx_word' id='word_1_173' title='bbox 36 2732 96 2785; x_wconf 83' lang='grc' dir='ltr'><em>των</em></span> <span class='ocrx_word' id='word_1_174' title='bbox 118 2719 292 2806; x_wconf 83' lang='grc' dir='ltr'><em>ὑμετέρων</em></span> <span class='ocrx_word' id='word_1_175' title='bbox 314 2722 461 2783; x_wconf 82' lang='grc' dir='ltr'><em>πολιτῶν</em></span> <span class='ocrx_word' id='word_1_176' title='bbox 484 2717 629 2793; x_wconf 86' lang='grc' dir='ltr'><em>πολλοὺς</em></span> <span class='ocrx_word' id='word_1_177' title='bbox 651 2717 777 2801; x_wconf 87' lang='grc' dir='ltr'><em>μεγάλα</em></span> <span class='ocrx_word' id='word_1_178' title='bbox 801 2721 848 2796; x_wconf 86' lang='grc' dir='ltr'><em>εἰς</em></span> <span class='ocrx_word' id='word_1_179' title='bbox 870 2720 956 2806; x_wconf 82' lang='grc' dir='ltr'><em>ὑμᾶς</em></span> <span class='ocrx_word' id='word_1_180' title='bbox 977 2722 1048 2802; x_wconf 80' lang='grc' dir='ltr'><em>ἐξα-</em></span> 
     </span>
     <span class='ocr_line' id='line_1_25' title="bbox 37 2825 1049 2914; baseline 0.007 -24"><span class='ocrx_word' id='word_1_181' title='bbox 37 2831 215 2914; x_wconf 89' lang='grc' dir='ltr'><em>μαρτόντας</em></span> <span class='ocrx_word' id='word_1_182' title='bbox 238 2825 387 2910; x_wconf 84' lang='grc' dir='ltr'><em>ἀφήκατε</em></span> <span class='ocrx_word' id='word_1_183' title='bbox 409 2831 477 2886; x_wconf 83' lang='grc' dir='ltr'><em>τῶν</em></span> <span class='ocrx_word' id='word_1_184' title='bbox 499 2833 681 2907; x_wconf 84' lang='grc' dir='ltr'><em>τιμωριῶν,</em></span> <span class='ocrx_word' id='word_1_185' title='bbox 707 2825 753 2902; x_wconf 93' lang='grc' dir='ltr'><em>εἰς</em></span> <span class='ocrx_word' id='word_1_186' title='bbox 777 2825 900 2905; x_wconf 84' lang='grc' dir='ltr'><em>αὐτοὺς</em></span> <span class='ocrx_word' id='word_1_187' title='bbox 922 2832 1049 2913; x_wconf 84' lang='grc' dir='ltr'><em>μόνους</em></span> 
     </span>
     <span class='ocr_line' id='line_1_26' title="bbox 37 2927 1088 3018; baseline 0.004 -24"><span class='ocrx_word' id='word_1_188' title='bbox 37 2931 284 3018; x_wconf 79' lang='grc' dir='ltr'><em>ἀποσκήψαντες</em></span> <span class='ocrx_word' id='word_1_189' title='bbox 305 2931 385 3006; x_wconf 84' lang='grc' dir='ltr'><em>τοὺς</em></span> <span class='ocrx_word' id='word_1_190' title='bbox 407 2929 535 3006; x_wconf 89' lang='grc' dir='ltr'><em>αἰτίους</em></span> <span class='ocrx_word' id='word_1_191' title='bbox 557 2929 618 3012; x_wconf 88' lang='grc' dir='ltr'><em>τήν</em></span> <span class='ocrx_word' id='word_1_192' title='bbox 642 2930 757 3015; x_wconf 91' lang='grc' dir='ltr'><em>ὀργήν,</em></span> <span class='ocrx_word' id='word_1_193' title='bbox 783 2927 831 2998; x_wconf 83' lang='grc' dir='ltr'><em>ὧν</em></span> <span class='ocrx_word' id='word_1_194' title='bbox 854 2929 941 3017; x_wconf 86' lang='grc' dir='ltr'><em>ήσαν</em></span> <span class='ocrx_word' id='word_1_195' title='bbox 961 2939 997 3003; x_wconf 79' lang='grc' dir='ltr'><em>οἵ</em></span> <span class='ocrx_word' id='word_1_196' title='bbox 1011 2961 1047 3004; x_wconf 89' lang='grc' dir='ltr'><em>τε</em></span> <span class='ocrx_word' id='word_1_197' title='bbox 1061 2958 1088 2999; x_wconf 77' lang='grc' dir='ltr'><em>τε</em></span> 
     </span>
    </p>
   </div>
   <div class='ocr_carea' id='block_1_3' title="bbox 38 3172 1049 3537">
    <p class='ocr_par' dir='ltr' id='par_1_5' title="bbox 38 3172 1049 3537">
     <span class='ocr_line' id='line_1_27' title="bbox 100 3172 1047 3255; baseline 0.011 -23"><span class='ocrx_word' id='word_1_198' title='bbox 100 3185 116 3232; x_wconf 78' lang='lat'>2</span> <span class='ocrx_word' id='word_1_199' title='bbox 135 3178 188 3249; x_wconf 82' lang='grc' dir='ltr'><em>γάρ</em></span> <span class='ocrx_word' id='word_1_200' title='bbox 209 3193 264 3233; x_wconf 88' lang='lat' dir='ltr'><em>om.</em></span> <span class='ocrx_word' id='word_1_201' title='bbox 284 3176 307 3228; x_wconf 92' lang='lat' dir='ltr'>B</span> <span class='ocrx_word' id='word_1_202' title='bbox 324 3176 328 3244; x_wconf 88' lang='grc' dir='ltr'>Ι</span> <span class='ocrx_word' id='word_1_203' title='bbox 344 3172 454 3244; x_wconf 83' lang='grc' dir='ltr'><em>γένοιτο</em></span> <span class='ocrx_word' id='word_1_204' title='bbox 468 3173 545 3228; x_wconf 80' lang='grc' dir='ltr'><em>ΑΒα</em></span> <span class='ocrx_word' id='word_1_205' title='bbox 602 3181 618 3229; x_wconf 83' lang='grc'>5</span> <span class='ocrx_word' id='word_1_206' title='bbox 638 3175 773 3246; x_wconf 71' lang='grc' dir='ltr'><em>φθάνοι</em></span> <span class='ocrx_word' id='word_1_207' title='bbox 790 3179 813 3232; x_wconf 93' lang='grc' dir='ltr'><strong>Β</strong></span> <span class='ocrx_word' id='word_1_208' title='bbox 830 3182 835 3249; x_wconf 87' lang='grc' dir='ltr'>Ι</span> <span class='ocrx_word' id='word_1_209' title='bbox 851 3181 1047 3255; x_wconf 82' lang='grc' dir='ltr'><em>ἀπολουμένου</em></span> 
     </span>
     <span class='ocr_line' id='line_1_28' title="bbox 38 3245 1049 3374; baseline 0.015 -76"><span class='ocrx_word' id='word_1_210' title='bbox 38 3245 78 3301; x_wconf 83' lang='lat' dir='ltr'><em>Bb</em></span> <span class='ocrx_word' id='word_1_211' title='bbox 148 3247 281 3374; x_wconf 48' lang='grc' dir='ltr'><em>σεξυτι)</em></span> <span class='ocrx_word' id='word_1_212' title='bbox 298 3246 347 3299; x_wconf 90' lang='lat' dir='ltr'><em>Bb</em></span> <span class='ocrx_word' id='word_1_213' title='bbox 426 3247 527 3315; x_wconf 73' lang='grc' dir='ltr'><em>δύμῐν</em></span> <span class='ocrx_word' id='word_1_214' title='bbox 546 3245 679 3302; x_wconf 83' lang='lat' dir='ltr'>Gelenius</span> <span class='ocrx_word' id='word_1_215' title='bbox 698 3250 727 3303; x_wconf 82' lang='lat' dir='ltr'><em>et</em></span> <span class='ocrx_word' id='word_1_216' title='bbox 745 3249 846 3306; x_wconf 83' lang='lat' dir='ltr'>Portus</span> <span class='ocrx_word' id='word_1_217' title='bbox 928 3262 961 3310; x_wconf 77' lang='lat'><em>21</em></span> <span class='ocrx_word' id='word_1_218' title='bbox 983 3253 1049 3327; x_wconf 79' lang='grc' dir='ltr'><em>ἐχα-</em></span> 
     </span>
     <span class='ocr_line' id='line_1_29' title="bbox 39 3314 1048 3394; baseline 0.014 -24"><span class='ocrx_word' id='word_1_219' title='bbox 39 3320 192 3385; x_wconf 85' lang='grc' dir='ltr'><em>ρίταοθεΑ</em></span> <span class='ocrx_word' id='word_1_220' title='bbox 238 3316 291 3389; x_wconf 74' lang='grc' dir='ltr'><em>Ιδὲ</em></span> <span class='ocrx_word' id='word_1_221' title='bbox 310 3317 342 3371; x_wconf 85' lang='grc' dir='ltr'><em>τὸ</em></span> <span class='ocrx_word' id='word_1_222' title='bbox 361 3316 387 3370; x_wconf 87' lang='grc' dir='ltr'><strong>Α</strong></span> <span class='ocrx_word' id='word_1_223' title='bbox 424 3315 456 3371; x_wconf 82' lang='grc' dir='ltr'><em>δέ</em></span> <span class='ocrx_word' id='word_1_224' title='bbox 474 3317 541 3372; x_wconf 87' lang='grc' dir='ltr'><em>τιΒ</em></span> <span class='ocrx_word' id='word_1_225' title='bbox 578 3314 607 3372; x_wconf 85' lang='grc' dir='ltr'><em>δ’</em></span> <span class='ocrx_word' id='word_1_226' title='bbox 625 3317 665 3374; x_wconf 87' lang='grc' dir='ltr'><em>ἐτι</em></span> <span class='ocrx_word' id='word_1_227' title='bbox 684 3320 807 3394; x_wconf 81' lang='lat' dir='ltr'>Sylburg</span> <span class='ocrx_word' id='word_1_228' title='bbox 875 3331 910 3381; x_wconf 80' lang='lat'><em>23</em></span> <span class='ocrx_word' id='word_1_229' title='bbox 928 3329 1048 3393; x_wconf 73' lang='grc' dir='ltr'><em>πολλοὺς</em></span> 
     </span>
     <span class='ocr_line' id='line_1_30' title="bbox 38 3388 1046 3467; baseline 0.017 -27"><span class='ocrx_word' id='word_1_230' title='bbox 38 3390 81 3467; x_wconf 75' lang='grc' dir='ltr'><em>καί</em></span> <span class='ocrx_word' id='word_1_231' title='bbox 94 3411 124 3461; x_wconf 90' lang='grc' dir='ltr'><em>με</em></span> <span class='ocrx_word' id='word_1_232' title='bbox 143 3390 235 3448; x_wconf 82' lang='grc' dir='ltr'><em>άλαΒ</em></span> <span class='ocrx_word' id='word_1_233' title='bbox 268 3389 388 3452; x_wconf 78' lang='grc' dir='ltr'><em>πολλοὺς</em></span> <span class='ocrx_word' id='word_1_234' title='bbox 424 3388 469 3442; x_wconf 80' lang='grc' dir='ltr'><em>,Ιί</em></span> <span class='ocrx_word' id='word_1_235' title='bbox 495 3390 614 3454; x_wconf 78' lang='grc' dir='ltr'><em>πολλοὺς</em></span> <span class='ocrx_word' id='word_1_236' title='bbox 627 3393 717 3450; x_wconf 82' lang='grc' dir='ltr'><em>πολλὰ</em></span> <span class='ocrx_word' id='word_1_237' title='bbox 731 3393 780 3448; x_wconf 84' lang='grc' dir='ltr'><em>καί</em></span> <span class='ocrx_word' id='word_1_238' title='bbox 794 3396 901 3466; x_wconf 88' lang='grc' dir='ltr'><em>μεγάλα</em></span> <span class='ocrx_word' id='word_1_239' title='bbox 916 3415 938 3455; x_wconf 90' lang='grc' dir='ltr'><em>ο.</em></span> <span class='ocrx_word' id='word_1_240' title='bbox 951 3399 1046 3456; x_wconf 80' lang='lat' dir='ltr'><strong>Kiess-</strong></span> 
     </span>
     <span class='ocr_line' id='line_1_31' title="bbox 39 3409 823 3537; baseline 0.011 -25"><span class='ocrx_word' id='word_1_241' title='bbox 39 3456 92 3530; x_wconf 80' lang='lat' dir='ltr'><em>hng</em></span> <span class='ocrx_word' id='word_1_242' title='bbox 107 3466 110 3532; x_wconf 85' lang='grc' dir='ltr'>Ι</span> <span class='ocrx_word' id='word_1_243' title='bbox 126 3413 374 3532; x_wconf 66' lang='grc' dir='ltr'><em>ἐξαμαρτάνοντας</em></span> <span class='ocrx_word' id='word_1_244' title='bbox 392 3409 422 3513; x_wconf 63' lang='grc' dir='ltr'><em>(ἀ</em></span> <span class='ocrx_word' id='word_1_245' title='bbox 453 3454 659 3532; x_wconf 78' lang='grc' dir='ltr'><em>ἐξαμαρτόντας</em></span> <span class='ocrx_word' id='word_1_246' title='bbox 677 3464 823 3537; x_wconf 81' lang='lat' dir='ltr'>Kiessling</span> 
     </span>
    </p>
   </div>
   <div class='ocr_carea' id='block_1_4' title="bbox 0 0 1210 3912">
    <p class='ocr_par' dir='ltr' id='par_1_6' title="bbox 0 0 1210 3912">
     <span class='ocr_line' id='line_1_32' title="bbox 0 0 1210 3912; baseline 0 0"><span class='ocrx_word' id='word_1_247' title='bbox 0 0 1210 3912; x_wconf 95' lang='lat' dir='ltr'><em> </em></span> 
     </span>
    </p>
   </div>
  </div>
 </body>
</html>
