2384 3902
449 213 608 264 ..ς-

36 371 300 458 ἐκστρατεύσωσι,
324 372 381 448 τὰς
403 373 533 439 τούτων
552 375 658 450 οίκίας
676 372 804 458 μηδένα
822 372 943 452 ἐξεῖναι
961 377 1041 459 μήτε

11 485 149 544 16πωλεῖν
182 476 256 564 μήτ’
284 479 493 564 ἐνεχυράζειν
525 482 606 563 μήτε
637 477 734 563 γένος
762 480 873 545 αὐτῶν
902 480 1041 564 ἀπάγειν

32 587 106 671 πρὸς
128 581 236 669 μηδὲν
259 586 466 669 συμβόλαιον
489 588 570 670 μήτε
593 587 735 651 κωλύειν
753 587 813 650 τὸν
831 589 1041 671 βουλόμενον

31 701 82 774 τῆς
102 693 275 777 στρατείας
297 697 483 756 κοινωνεῖν.
521 691 595 756 ὅσοι
618 689 648 756 δ’
672 690 714 756 ἀν
733 691 965 776 ἀπολειφθῶσι
983 701 1041 776 τῆς

33 801 206 882 στρατείας,
229 799 289 875 τάς
310 799 393 863 κατά
415 799 545 864 τούτων
562 798 697 883 πράξεις
713 798 875 884 ὑπάρχειν
894 810 963 876 τοῖς
982 801 1067 864 δα-5

32 914 180 987 νεισταῖς,
217 900 271 989 ἐφ’
298 896 348 980 οἷς
378 902 529 982 ἑκάστοις
558 904 753 989 συνέβαλον.
804 905 848 982 ὡς
879 903 916 970 δὲ
941 903 1035 971 ταῦτ’

33 1011 173 1091 ἥκουσαν
198 1013 234 1077 οί
254 1011 402 1096 πένητες,
428 1011 544 1077 αὐτίκα
568 1010 785 1095 συνέγνωσάν
808 1035 842 1076 τε
861 1010 916 1078 καὶ
934 1018 1039 1098 πολλῇ

31 1119 196 1205 προθυμίᾳ
228 1119 349 1195 πάντες
381 1119 428 1195 είς
455 1119 515 1184 τὸν
542 1121 689 1202 πόλεμον
716 1118 886 1204 ὥρμηντο,
919 1120 954 1184 οί
978 1117 1039 1204 μὲν

32 1221 151 1289 ἐλπίσιν
176 1223 349 1308 ὠφελειῶν
371 1222 589 1309 ὑπαχθέντες,
614 1225 649 1290 οί
669 1222 707 1289 δὲ
728 1234 790 1291 τοῦ
813 1227 1039 1311 στρατηλάτου

32 1329 143 1414 χάριτι,
179 1331 216 1395 οί
245 1331 282 1396 δὲ
314 1335 464 1396 πλεῖστοι
491 1333 552 1397 τὸν
575 1330 719 1397 ’Ἀππιον
746 1330 803 1397 καὶ
830 1335 908 1408 τοὺς
935 1331 973 1397 ἐν
1000 1340 1039 1416 τῇ
1055 1321 1102 1388 ω’

32 1437 114 1500 πόλει
145 1437 230 1502 κατὰ
261 1448 329 1501 τῶν
357 1436 610 1521 ὑπομεινάντων
637 1441 932 1523 προπηλακισμοὺς
958 1439 1039 1522 φεύ-

31 1563 143 1621 γοντες.
197 1543 400 1626 παραλαβὼν
433 1542 466 1608 δ’
503 1543 521 1608 ὁ
554 1546 753 1628 Σερουίλιος
783 1545 821 1608 τὸ
854 1545 1074 1628 στράτευμα2

32 1650 86 1712 σὺν
111 1653 220 1734 πολλῇ
248 1651 379 1735 σπουδῇ
409 1651 541 1715 ἐλαύνει
569 1650 733 1715 διαλιπὼν
756 1648 880 1715 οὐδένα
903 1654 1039 1736 χρόνον,

32 1753 80 1818 ’ίνα
102 1755 249 1842 συμμίξῃ
272 1767 342 1834 τοῖς
364 1759 546 1846 πρλεμίοις,
570 1755 651 1840 πρὶν
674 1759 721 1834 είς
736 1753 907 1842 Ῥωμαίων
926 1759 1039 1842 χώραν

32 1859 143 1938 αὐτοὺς
166 1864 349 1946 εἰσβαλεῖν·
377 1863 433 1928 καὶ
455 1864 652 1946 καταλαβὼν
673 1861 749 1950 περὶ
767 1865 805 1928 τὸ
820 1869 1039 1948 Πωμεντῖνον
1055 1881 1080 1921 1⁵

31 1970 144 2051 χωρίον
184 1968 524 2052 ἐστρατοπεδευκότας
554 1966 611 2033 καλ
643 1969 706 2052 τὴν
737 1973 894 2035 Λατίνων
926 1970 1039 2056 χώραν

30 2075 303 2159 προνομεύοντας,
322 2075 373 2139 ὅτι
391 2079 642 2160 παρακαλοῦσιν
661 2075 775 2151 αὐτοῖς
793 2075 834 2140 οὑ
849 2077 1038 2160 συνήραντο

31 2187 83 2242 τοῦ
103 2179 265 2265 πολέμου,
291 2178 367 2266 περὶ
391 2181 506 2264 δείλην
529 2180 630 2259 ὀψίαν
653 2181 742 2264 παρὰ
765 2184 873 2264 λόφον
896 2182 971 2245 τιυά
995 2181 1039 2256 ὡς

32 2289 125 2351 είκοσι
152 2287 274 2353 στάδια
302 2295 360 2371 τῆς
383 2289 638 2373 στρατοπεδείας
660 2287 772 2352 αὐτῶν
795 2286 969 2369 ἀφεστῶτα
990 2290 1038 2351 τί-

11 2395 116 2456 )ῖθεται
139 2395 202 2458 τὸν
219 2393 360 2478 χάρακα·
388 2390 444 2458 καὶ
462 2393 576 2471 αὐτοῖς
593 2394 714 2470 νυκτὸς
732 2392 937 2458 ἐπιτίθενται
952 2393 1038 2459 Ούο-
1052 2412 1079 2451 20

31 2501 158 2564 λοῦσκοι
193 2499 329 2582 ὀλίγους
357 2523 392 2565 τε
426 2499 582 2578 δόξαντες
614 2494 700 2564 εἶναι
732 2497 786 2564 καὶ
820 2499 865 2576 ὡς
894 2499 927 2577 ἐξ
955 2499 1039 2566 ὁδοῦ

32 2613 147 2690 μακρᾶς
175 2609 383 2684 κατακόπους
405 2610 599 2692 προθυμίας
619 2603 651 2670 τ’
679 2605 801 2683 ἐνδεῶς
823 2609 959 2690 ἔχοντας
982 2609 1039 2672 διὰ

30 2713 99 2788 τοὺς
126 2711 164 2777 ἐκ
191 2723 260 2778 τῶν
286 2716 439 2797 πενήτων
467 2710 543 2797 περὶ
570 2713 610 2777 τά
633 2711 714 2798 χρέα
736 2715 979 2800 νεωτερισμούς
1002 2713 1038 2778 ἐν
1116 2753 1119 2760 1

31 2813 107 2902 ἀκμῇ
134 2819 277 2904 μάλιστα
305 2813 609 2896 δοκούνταςεῖναι.
656 2819 675 2886 ὑ
704 2816 742 2885 δὲ
765 2823 964 2905 Σερουίλιος
991 2820 1074 2884 ἐτιδ

31 2926 150 3003 νυκτὸς·
169 2925 233 2991 ἀπὸ
261 2935 322 2990 τοῦ
349 2925 493 3010 χάρακος
520 2923 783 3009 ἀγωνισάμενος,
812 2922 881 2990 ἐπεὶ
905 2922 942 2990 δὲ
966 2937 1038 3008 φῶς
1053 2942 1078 2982 2⁵

96 3121 109 3170 1
129 3116 231 3187 μηδενί
255 3134 279 3173 α.
298 3115 387 3171 Cobet
406 3117 471 3172 Obs.
491 3135 518 3187 p.
535 3123 585 3172 117
602 3121 606 3183 Ι
622 3117 690 3188 μήτε
710 3119 775 3171 ante
794 3113 924 3186 κατέχειν
941 3133 995 3172 om.
1014 3116 1038 3169 B

33 3190 46 3236 6
62 3183 171 3243 ἕκαστοι
185 3187 209 3241 Ο
227 3189 340 3256 praeter
354 3187 382 3257 Ο,
403 3182 530 3251 ἑκάστοις
544 3187 668 3243 Sintenis
683 3187 862 3258 quoqueEm.
873 3187 954 3241 Dion.
966 3188 1037 3243 1128

34 3259 46 3306 '1
62 3275 89 3310 τε
107 3275 160 3315 om.
180 3259 204 3312 B
290 3265 322 3312 11
342 3258 556 3330 ὑπομεινάντων
574 3259 598 3312 Β
680 3265 713 3316 18
732 3258 798 3329 περὶ
816 3256 905 3328 λόφον
925 3260 947 3314 Ο
967 3275 1037 3315 corr.

33 3323 127 3382 Reiske
218 3335 253 3385 23
271 3329 341 3398 πρὸς
367 3330 402 3385 τὰ
431 3329 500 3402 χρία
524 3329 619 3400 Tegge
643 3331 677 3386 de
701 3349 754 3385 usu
775 3346 904 3400 praepo&
928 3332 1038 3398 quaest.

34 3411 58 3518 ἕρ
70 3403 157 3525 ΙέυρθΙ
174 3396 206 3482 ἐν
218 3402 300 3527 Ῑάκμῇ
319 3399 382 3456 τότε
401 3401 520 3472 μάλιστα
537 3418 560 3456 ο.
580 3401 683 3458 Reiske
743 3409 777 3456 25
798 3396 895 3470 ἐπειδὴ
916 3400 939 3455 0
976 3396 1038 3458 ἐπεὶ

51 3487 61 3520 ε
96 3488 125 3524 m
155 3490 199 3526 ms
231 3516 236 3528 .

79 3569 176 3614 mons.
191 3572 256 3612 Ηκτ.
268 3572 300 3613 11.
321 3583 359 3613 τι).
374 3573 476 3614 ῖεοοετ.
841 3566 875 3614 20
