2400 3912
136 235 200 300 120
562 267 595 276 -
632 239 655 288 Δ
693 267 725 278 --

134 406 296 464 σκοποῦσι
319 395 373 462 καλ
397 397 460 464 ἀπὸ
483 398 611 464 τούτων
635 397 656 481 ή
680 400 877 483 προσίενταί
893 419 969 462 τινα
986 407 1053 461 τῶν
1070 398 1164 478 βία-ει

134 507 243 590 βερῶν
265 503 286 588 ή
306 505 470 588 φεύγουσι
488 515 556 569 τῶν
576 503 767 588 ὠφελίμων,
791 503 829 570 ἐν
848 494 900 580 οἷς
917 499 971 566 καὶ
991 503 1052 585 τήν
1070 523 1137 585 μον-

134 613 253 696 αρχίαν
277 605 363 676 εἶναι
386 609 587 694 συμβέβηκε,
610 609 818 694 μεταθέσθαι
839 607 989 693 τοῦνομα
1011 617 1070 691 τῆς
1090 629 1137 671 πο-

134 719 256 792 λιτείας
286 716 367 800 ὑμῖν
398 726 550 801 παραινῶ
578 714 634 780 καὶ
660 717 740 793 τοὺς
767 714 949 800 μέλλοντας
976 713 1064 792 ἕξειν
1089 713 1139 794 τήν

108 820 290 886 εὰπάντιυν
317 822 472 900 ἐξουσίαν
499 824 579 907 μήτε
607 824 754 905 βασιλεῖς
782 823 830 886 ἐτι
859 823 939 905 μήτε
963 819 1140 904 μονάρχους

134 933 262 1010 καλεῖν,
291 927 375 992 ἀλλὰ
402 927 624 1013 μετριωτέραν
652 928 729 994 τινὰ
751 925 806 992 καλ
828 923 1140 1012 φιλανθρωποτέραν

97 1030 184 1100 4έπ’
203 1032 316 1110 αὐτοῖς
337 1031 463 1100 θέσθαι
480 1036 718 1120 προσηγορίαν.
751 1035 862 1098 ἔπειτα
880 1034 925 1117 μή
944 1041 1057 1098 ποιεῖν
1075 1032 1141 1115 μίαν

135 1141 272 1225 γνώμην
300 1138 455 1206 ἁπάντων
481 1142 618 1226 κυρίαν,
647 1139 731 1206 ἀλλὰ
760 1136 860 1204 δυσὶν
883 1136 1074 1224 ἐπιτρέπειν
1095 1135 1141 1201 άν-

137 1245 235 1329 δράσι
261 1245 324 1328 τήν
345 1247 521 1330 βασιλικήν
544 1245 666 1330 ἀρχήν,
690 1245 735 1322 ὡς
757 1246 1050 1329 Λακεδαιμονίους
1072 1265 1141 1308 πυν-

96 1373 122 1414 10
136 1353 286 1436 θάνομαι
308 1363 416 1418 ποιεῖν
440 1349 492 1417 ἐπὶ
514 1353 639 1428 πολλὰς
661 1352 726 1435 ήδη
750 1352 877 1435 γενεάς,
901 1346 957 1415 καλ
976 1351 1035 1416 διδ
1054 1358 1142 1415 τοῦτο

134 1461 172 1524 τὸ
196 1467 303 1544 σχῆμα
325 1468 387 1524 τοῦ
404 1460 642 1543 πολιτεύματος
661 1457 819 1522 ἁπάντων
837 1458 980 1542 μάλιστα
999 1468 1070 1522 τῶν
1082 1452 1142 1521 Ἑλ-

135 1566 248 1647 λήνιον
285 1564 506 1650 εὐνομεῖσθαί
533 1587 568 1630 τε
600 1561 657 1629 καί
689 1562 918 1648 εὐδαιμονεῖν·
956 1558 1060 1646 ήττον
1090 1563 1142 1645 γάρ

136 1670 289 1755 ὑβρισταὶ
311 1669 367 1737 καὶ
389 1673 502 1756 βαρεῖς
525 1671 658 1736 ἔσονται
677 1670 906 1754 διαιρεθείσης
922 1676 981 1753 τής
1000 1666 1144 1746 ἐξουσίας

137 1777 212 1860 διχῇ
244 1774 300 1841 καλ
328 1778 390 1860 τήν
418 1776 523 1859 αὐτήν
551 1778 686 1860 ἔχοντος
715 1777 813 1860 ἰσχὺν
841 1773 1014 1860 ἐκατέρου·
1052 1774 1144 1849 αἰδώς
1194 1805 1195 1848 ς

96 1902 122 1942 15
136 1879 166 1946 τ’
194 1882 345 1965 ἀλλήλων
371 1881 428 1947 καὶ
454 1882 598 1958 κώλυσις
626 1891 687 1947 τοῦ
716 1877 796 1946 καθ’
823 1881 951 1965 ἡδονήν
976 1884 1036 1964 ζῆν
1061 1886 1144 1966 φιλο-

136 1990 227 2072 τιμία
258 2012 293 2054 τε
324 1990 407 2074 πρὸς
439 1988 555 2074 άρετής
585 1987 725 2071 δόκησιν
753 1986 790 2053 ἐκ
815 1989 938 2071 ταύτης
965 1986 1091 2071 γένοιτ’
1111 1986 1145 2051 δυ

138 2092 262 2182 ἑκάστῳ
285 2104 343 2180 τῆς
366 2097 518 2178 ἰσοτίμου
542 2094 740 2170 δυναστείας
762 2093 911 2178 μάλιστα.

203 2201 369 2267 LXXIIII.
405 2205 480 2266 Τῶν
506 2223 541 2266 τε
567 2201 790 2286 παρασήμων,
820 2199 841 2264 ἃ
864 2209 934 2277 τοῖς
956 2203 1196 2284 βασιλεῦσιυειῖ

136 2307 346 2392 ἀποδέδοται,
369 2312 503 2374 πολλῶν
526 2308 634 2372 όντων
658 2313 692 2374 εί
710 2332 786 2373 τινα
809 2308 959 2392 λυπηρός
982 2308 1079 2385 ὄψεις
1100 2303 1147 2370 καὶ

97 2434 123 2474 2⁰
137 2414 345 2499 ἐπιφθόνους
371 2425 442 2490 τοῖς
469 2416 606 2490 πολλοῖς
632 2413 822 2499 παρέχεται,
850 2414 891 2478 τά
918 2409 980 2497 μὲν
1003 2424 1147 2498 μειῶσαι,

136 2522 177 2584 τδι
209 2518 240 2584 δ’
267 2521 404 2607 ἀφελεῖν
436 2519 522 2605 ἡμᾶς
548 2525 661 2604 οῖομαι
689 2521 776 2585 δεῖν·
816 2521 857 2584 τὰ
883 2528 1034 2603 σκῆπτρα
1060 2514 1148 2584 ταυτὶ

138 2624 221 2709 λέγω
249 2624 304 2691 καὶ
331 2629 410 2703 τοὺς
437 2634 583 2711 χρυσοῦς
611 2625 799 2710 στεφάνους
819 2622 876 2692 καλ
896 2626 955 2702 τοῖς
978 2624 1149 2711 ἁλουργεῖς

137 2729 193 2796 καὶ
214 2732 446 2817 χρυσοσήμους
471 2731 669 2817 ἀμπεχόνας,
693 2732 780 2814 πλήν
803 2732 835 2796 εί
853 2731 898 2815 μή
916 2732 1000 2796 κατὰ
1017 2731 1149 2816 καιρούς

137 2861 231 2915 τινας
257 2835 428 2923 ἑορταίους
454 2835 510 2902 καὶ
540 2836 578 2903 ἐν
600 2847 747 2923 πομπαῖς
769 2838 963 2923 θριάμβων,
993 2839 1049 2903 ὅτε
1070 2837 1149 2902 αὐτὰ

98 2965 124 3005 ιε
138 2954 232 3029 τιμῆς
253 2950 346 3010 θεῶν
369 2943 465 3010 ἕνεκα
489 2947 668 3028 λήψονται·
701 2946 841 3028 λυπήσει
859 2945 924 3029 γάρ
943 2941 1070 3027 οὐδέν’,
1094 2941 1148 3007 ἐὰν

137 3049 272 3135 γε’νηται
291 3051 428 3116 σπάνια·
451 3053 582 3137 θρόνον
600 3046 638 3115 δέ
656 3060 726 3128 τοῖς
743 3049 907 3135 ἀνδράσιν
922 3049 1148 3134 ἐλεφάντινον,

140 3339 163 3389 Β
211 3275 312 3342 ῖμίαν
336 3273 399 3360 εδδ.
419 3273 467 3327 Bc
559 3282 592 3330 10
614 3282 708 3363 πορεῖν
731 3275 809 3330 ABb
844 3277 987 3399 πήήχήήειν
1008 3277 1147 3359 ,(παόεινῖ)

275 3341 547 3498 νιήιλῖι
598 3347 776 3471 17ιαόο
796 3363 820 3472 ι
839 3347 963 3472 Bm
982 3347 1147 3471 ῖιιιυ

143 3475 247 3528 Reiske
318 3487 351 3533 26
369 3499 506 3548 γενωνται
525 3484 547 3536 0
567 3499 635 3538 corr.
654 3484 797 3555 Kiessling
