2384 3902
570 203 730 256 -ς-

137 367 223 442 κίαις
246 364 512 449 ἀπομερίζοντες,
535 364 591 429 ἵνα
614 366 658 448 μή
681 386 716 428 τι
737 366 979 450 νεωτερίσειαν,
1002 357 1094 448 εἶχον
1114 363 1147 428 ἐν

102 472 279 554 3φυλακῇ.
324 469 481 536 ἁπάντων
511 466 549 535 δὲ
577 471 640 554 την
668 469 775 554 αὐτὴν
801 471 940 554 γνώμην
967 471 1145 552 λαβόντων,

136 577 188 642 δτι
216 586 293 661 μιᾶς
320 579 375 642 δεῖ
393 577 495 642 πάλιν
517 586 587 654 τοῖς
609 575 802 661 πράγμασιν
825 574 1001 661 ἐφειμένης
1023 575 1145 641 ἅπαντα

139 683 279 750 διοικεῖν
299 685 382 750 κατὰ
399 686 460 750 τὸν
478 683 580 768 αὑτῆς
598 683 760 768 λογισμὸν
779 682 1022 748 ἀνυπευθύνου
1040 680 1145 766 ἀρχῆς,

110 806 122 846 ⁶
138 790 301 875 δικτάτωρ
323 789 560 856 ἀποδείκνυται
582 799 651 855 τῶν
673 789 810 855 ὑπάτων
828 789 846 855 ὁ
866 790 1029 874 νεώτερος
1041 783 1145 865 Αὖλος

136 899 326 980 Ποστόμιος
343 896 410 962 ὑπὸ
427 905 489 962 τοῦ
507 897 733 980 συνάρχοντος
747 895 961 982 Οὐεργινίου·
985 892 1144 979 ἱππάρχην

136 995 167 1066 δ’
189 1001 290 1078 αὐτὸς
313 1000 419 1089 ἑαυτῷ
441 1004 635 1088 προσείλετο
658 1003 742 1068 κατὰ
763 1003 824 1066 τὸν
842 1001 945 1066 αὐτὸν
961 1003 1088 1086 τρόπον
1104 1008 1143 1086 τῷ

135 1107 285 1195 προτέρῳ
309 1108 478 1194 δικτάτορι
495 1112 597 1175 Τίτον
612 1109 795 1193 Αίβοότιον
808 1106 949 1192 Ἔλβαν·
978 1104 1036 1172 καλ
1056 1129 1144 1192 κατα-

135 1213 265 1298 γράψας
287 1213 325 1279 ἐν
347 1214 450 1302 ὀλίγῳ
473 1217 583 1303 χρόνῳ
606 1217 686 1293 τοὺς
708 1215 746 1282 ἐν
767 1217 832 1301 ἥβη
846 1211 1031 1300 Ῥωμαίους
1048 1214 1144 1278 ἅπαν-

95 1337 121 1378 10
135 1343 193 1397 τας
219 1318 275 1385 καὶ
302 1321 423 1387 διελὼν
451 1323 499 1398 είς
526 1320 665 1407 τέτταρα
692 1320 775 1407 μέρη
799 1321 862 1404 τὴν
886 1322 1047 1404 δύναμιν,
1075 1328 1189 1404 μιᾶςιοο

134 1422 197 1510 μὲν
229 1426 331 1505 αὐτὸς
357 1427 469 1511 ἡγεῖτο
498 1430 631 1513 μοίρας,
664 1425 777 1512 ἑτέρας
805 1423 843 1492 δέ
869 1428 929 1492 τὸν
957 1427 1144 1492 συνύπατον

136 1532 337 1618 Οὐεργίνιον
369 1532 481 1612 έταξεν
514 1535 644 1619 άρχειν,
676 1542 735 1617 τῆς
762 1529 800 1598 δέ
826 1534 938 1618 τρίτης
966 1533 1144 1617 Αίβοότιον

134 1640 194 1704 τὸν
218 1638 395 1723 ίππάρχην,
420 1636 474 1704 ἐπὶ
497 1635 535 1704 δέ
557 1648 615 1724 τῆς
636 1639 791 1724 τετάρτης
813 1636 987 1704 κατέλιπεν
1005 1640 1145 1725 ἔπαρχον
1189 1657 1190 1664 “

134 1739 251 1810 Αὖλον
263 1743 498 1828 Σεμπρώνιον,
517 1736 544 1833 ᾦ
562 1745 625 1829 τὴν
643 1748 742 1811 πόλιν
760 1746 941 1830 φυλάττειν
962 1742 1144 1830 ἐπέτρεψεν.

95 1865 120 1906 1⁶
201 1849 261 1916 III.
294 1849 602 1940 Παρεσκευασμένφ
635 1849 667 1916 δ’
697 1851 784 1940 αὐτῷ
817 1852 924 1917 πάντα
956 1850 1145 1935 τάπιτήδεια

134 1956 217 2040 πρὸς
243 1957 304 2022 τὸν
331 1960 478 2041 πόλεμον
505 1952 589 2041 ἧκον
617 1956 833 2042 ἀγγέλλοντες
860 1958 896 2023 οί
920 1955 1040 2023 σκοποί
1070 1979 1145 2023 παν·
1188 2030 1189 2038 χ

134 2070 271 2150 στρατιᾷ
293 2067 463 2140 Λατίνους
486 2061 739 2147 ἐξεληλυθότας·
771 2063 827 2130 καλ
845 2059 947 2141 αὖθις
965 2063 1075 2148 ἕτεροι
1095 2065 1145 2146 δη·
1188 2075 1189 2086 ’

133 2171 271 2246 λοῦντες
289 2168 321 2248 ἐξ
342 2169 469 2255 ἐφόδου
487 2193 519 2234 τι
532 2174 790 2254 καταληφθῆναι
803 2171 886 2256 πρὸς
900 2169 1012 2236 αὐτῶν
1023 2173 1145 2255 χωρίον

134 2272 256 2360 ἐχυρὸν
282 2279 464 2362 Κορβιῶνα
490 2277 715 2361 καλούμενον,
748 2276 785 2342 έν
811 2267 838 2365 ᾧ
866 2277 1002 2362 φρουρά
1028 2299 1082 2352 τις
1108 2272 1145 2358 ἦν

94 2397 120 2438 20
129 2374 300 2464 Ῥωμαίων
323 2381 564 2467 ἐνοικουροῦσα
583 2383 693 2466 ὀλίγη·
715 2383 760 2467 ἣν
777 2377 910 2448 άπαδαν
928 2384 1146 2467 διαφθείρανν
1187 2443 1188 2470 ,

133 2506 186 2562 τες
208 2484 323 2554 καὶτὸ
347 2491 472 2573 χωρίον
494 2488 575 2555 αὐτὸ
599 2491 818 2574 κατασχόντες
835 2488 1042 2573 ὁρμητήριον
1063 2489 1145 2553 έποι
1187 2487 1188 2508 ³

135 2600 236 2658 οῦντο
259 2602 320 2660 τοῦ
342 2593 503 2680 πολέμου·
535 2594 731 2680 ἀνδράποδα
756 2592 792 2660 δὲ
814 2592 871 2659 καὶ
892 2597 1087 2680 βοσκήματα
1110 2594 1145 2660 οὐ

134 2699 384 2784 κατελάμβανον
411 2700 449 2766 έν
474 2710 545 2778 τοῖς
572 2700 688 2787 ἀγροῖς
713 2698 815 2786 χωρίς
838 2711 907 2766 τῶν
929 2701 1038 2788 ἐντῷ
1063 2704 1145 2785 Κορ

133 2805 231 2886 βιῶνι
249 2803 582 2890 ἐγκαταληφθέντων,
604 2805 967 2893 προανεσκευασμένων
985 2808 1053 2892 πρὸ
1072 2812 1144 2872 πολ-

206 2965 219 3013 1
244 2961 460 3032 ἀπομερίζοντες
483 2961 505 3016 0
543 2957 590 3018 ἐπι
611 2965 747 3034 ερίζοντες
773 2962 821 3016 vel
849 2957 1099 3033 ἐναπομερίζοντες
1123 2979 1143 3015 ο,

132 3029 293 3101 Stephanus
370 3041 386 3087 3
406 3031 562 3114 ἀφειμένης
585 2983 610 3088 ὅ
646 3029 796 3103 ἐφειμένης
818 3033 984 3088 dubitanter
1005 3032 1143 3100 Kiesaling

131 3107 149 3154 4
168 3102 255 3171 αὐτῆς
274 3103 296 3158 Ο
316 3119 385 3159 corr.
404 3104 548 3173 Kuessling
608 3111 623 3158 6
642 3105 747 3160 ποστοό
769 3124 811 3168 ιος
828 3104 906 3158 ABb
969 3112 984 3159 ⁷
1003 3106 1143 3175 προείλετο

132 3169 179 3222 Bb
258 3179 290 3226 11
310 3173 394 3235 αὐτὸς
413 3173 509 3229 om.B
587 3175 717 3243 notun
766 3173 813 3228 Bb
850 3173 967 3244 όληΒε,
1045 3181 1079 3230 21
1099 3175 1143 3227 αδ
1185 3223 1186 3240 ¹

110 3246 188 3322 ,τῶν
198 3239 251 3292 ΑΒ
284 3242 570 3299 uttotSintenisEm.
586 3244 668 3299 Dion.
723 3252 759 3299 24
786 3245 855 3300 αότδ
869 3245 1015 3315 Kiensh'ng
1051 3246 1142 3300 num

135 3307 182 3359 ίσα
200 3307 226 3360 Α
263 3311 314 3364 οὐκ
333 3314 380 3366 ίσα
398 3311 472 3366 an
511 3315 543 3368 οδ
563 3317 608 3368 Bu
645 3316 696 3369 οόκ
716 3315 796 3386 όλόγα
814 3333 839 3371 ο.
859 3316 962 3371 Reiske
1027 3321 1063 3370 24
1081 3335 1144 3384 προ

136 3379 443 3447 κατεσκευασμένωνΟ
487 3384 793 3455 προανεσκευασμένων
817 3386 979 3457 Stephanus
1023 3403 1145 3456 προατε·

137 3444 334 3511 στενουμένων
352 3466 376 3504 ο.
395 3451 498 3505 Reiske
