2394 3912
468 225 628 273 -5-
997 218 1063 284 355

53 380 223 458 ἐλάττονος
242 382 347 460 αἰτίας
366 379 576 468 ὁρμηθέντας
594 381 674 470 πρὶν
690 383 738 468 [ἢ]
755 386 924 468 βλαβῆναί
939 407 971 448 τι
985 384 1065 449 ἀπο-

53 487 223 567 δείξασθαι
252 489 291 553 τὸ
323 498 497 573 γενναῖον,
530 471 691 574 ἣπολλά
721 490 964 576 ὑπομείναντας
991 493 1064 555 τότε

52 594 246 678 ἀγανακτεῖν
268 591 434 678 περὶτῶν
457 598 647 679 γεγονότων
669 596 725 663 καὶ
748 598 792 682 μὴ
816 596 1001 683 ἐπιτρέπειν
1024 597 1066 662 τά

51 702 146 766 λοιπά
168 697 225 766 καὶ
248 697 310 780 ὀύδ
328 700 497 788 ἄρξασθαι
515 712 600 769 νοῦν
619 706 716 789 ἔχειν.
754 706 898 790 φοβείτω
919 698 951 767 δ’
969 703 1065 786 ὑμῶν

51 806 174 891 μηδένα
196 810 277 892 μήτε
301 807 319 874 ὁ
342 817 409 874 τῶν
429 809 624 876 ἀποστατῶν
643 811 843 896 ἀνασεισμὸς
861 813 940 895 μήτε
960 809 977 875 ὁ
997 820 1065 874 τῶν
1091 824 1105 866 ⁵

51 913 249 999 ἀλλοφύλων
276 918 433 999 πόλεμος·
465 920 545 1001 μήτε
573 919 835 1002 καταγινώσκετε
862 926 920 1002 τῆς
944 918 1066 992 οἰκείας

3 1021 222 1105 ιιιδυυάμεως
250 1021 295 1098 ὡς
324 1021 384 1107 οὐχ
413 1023 529 1107 ίκανῖχς
556 1024 659 1108 ούσης
689 1026 850 1090 διασῶσαι
872 1023 934 1107 τὴν
957 1026 1064 1089 πόλιν.

49 1127 68 1210 ἡ
92 1124 153 1212 μὲν
176 1130 240 1214 γάρ
263 1139 331 1194 τῶν
350 1129 514 1213 φυγάδων
533 1131 671 1215 βραχεῖά
691 1129 781 1196 ἐστιν
801 1131 895 1215 ἰσχύς
912 1127 967 1195 καλ
988 1129 1099 1194 ούτε3

49 1237 154 1300 πολὺν
177 1232 312 1313 ἀνθέξει
334 1238 459 1321 χρόνον
483 1234 702 1321 διαμένουσα,
728 1237 838 1320 ὥσπερ
861 1244 940 1320 νῦν,
968 1237 1066 1302 ὑπαί-

49 1346 146 1427 θριος
170 1340 288 1426 [μένει]
312 1341 378 1407 ὑπὸ
399 1344 561 1425 καλύβαις
579 1344 649 1429 ώρηι
669 1345 764 1420 ἔτους
782 1345 947 1431 χειμερίῳ,
971 1343 1064 1427 πορί-
1080 1359 1105 1398 1⁰

51 1450 164 1525 ζεσθαι
188 1444 227 1512 δὲ
249 1449 289 1512 τά
312 1447 481 1533 ἐπιτήδεια
505 1449 566 1533 οὐχ
590 1450 679 1526 ὅπως
704 1446 748 1514 δι’
772 1448 921 1534 ἁρπαγῆς
940 1451 988 1514 ἔτι
1008 1451 1066 1513 δυ-

49 1552 216 1639 νησομένη
250 1553 384 1620 ἐπειδὰν
417 1556 457 1618 τά
489 1555 570 1619 ὄντα
602 1554 776 1641 ἀναλώσῃ,
814 1548 888 1620 ἀλλ’
918 1549 993 1620 οὐδ’
1024 1553 1066 1620 ἀν

50 1661 194 1727 ἀλλοθευ
217 1661 328 1745 ώνητά
347 1659 583 1745 ἐπεισάγεσθαι
602 1664 659 1727 διδι
677 1665 806 1746 πενίαν,
831 1654 881 1741 οἷς
900 1661 977 1727 ούτε
998 1663 1067 1748 ἰδία

49 1765 120 1832 οὔτ’
143 1767 181 1833 έν
204 1776 307 1856 κοινῷ
331 1767 481 1854 χρηματά
505 1767 607 1833 ἐστιν·
641 1771 677 1836 οί
698 1767 735 1835 δὲ
757 1773 895 1855 πόλεμοι
919 1780 991 1846 ταῖς
1014 1790 1069 1834 πε

49 1877 214 1959 ριουσίαις
249 1884 316 1939 τῶν
353 1875 531 1960 χρημάτων
569 1875 613 1951 ώς
645 1877 685 1941 τά
717 1878 823 1942 πολλὰ
856 1875 1066 1961 ἀντέχουσιν·
1082 1891 1106 1932 15

50 1980 190 2067 ἀναρχία
218 1977 248 2044 τ’
276 1979 390 2057 αὐτοῖς
418 1980 462 2057 ὡς
490 1982 576 2058 εἰκὸς
603 1981 659 2048 καὶ
687 1983 800 2060 στάσις
828 1983 864 2049 ἐκ
886 1991 944 2067 τῆς
968 1983 1067 2068 ἀναρ-

49 2091 119 2170 χίας
143 2087 330 2172 ἐμπεσοῦσα
353 2089 436 2172 ταχὺ
461 2088 570 2172 διαχεῖ
592 2085 660 2168 [καὶ
685 2089 849 2171 διαλύσει]
870 2091 910 2154 τά
929 2089 1067 2173 βουλεύ-

49 2217 141 2276 ματα.
180 2193 220 2259 ού
243 2195 307 2279 γάρ
331 2195 372 2277 δὴ
393 2192 594 2272 ἀξιώσουσιν
613 2195 690 2259 ούτε
705 2197 868 2278 Σαβίνοις
886 2195 962 2261 ούτε
982 2199 1066 2282 Τυρ-
1084 2197 1107 2260 4

49 2310 165 2384 ρηνοῖς
196 2295 268 2366 οὔτ’
293 2300 407 2376 ἀλλοις
439 2297 507 2364 τισὶ
532 2309 603 2364 τῶν
631 2300 833 2385 ἀλλοφύλων
861 2303 1068 2385 παραδόντες

48 2416 135 2489 σφᾶς
163 2405 299 2490 αὐτούς,
329 2407 468 2498 ἐκείνοις
497 2407 686 2490 δουλεύειν,
716 2402 764 2472 ὧν
792 2405 847 2473 καὶ
870 2407 970 2473 αὐτοί
989 2407 1063 2475 ποτ’
1081 2428 1107 2467 2⁰

48 2513 227 2597 ἀφείλοντο
251 2514 313 2596 τὴν
336 2513 535 2596 ἐλευθερίαν
554 2515 618 2578 σὺν
637 2512 728 2597 ὑμῖν,
752 2511 807 2579 καλ
825 2515 967 2599 μάλιστα
988 2515 1068 2581 οὐδὲ

6 2623 330 2704 183πιστευθησονται
359 2620 442 2712 πρὸς
468 2618 579 2685 αὐτῶν
602 2621 638 2684 οί
657 2630 766 2698 κακῶς
788 2621 899 2686 αὑτων
922 2622 984 2706 τὴν
1006 2644 1067 2688 πα-

46 2727 145 2808 τρίδα
173 2723 228 2790 καὶ
252 2726 395 2810 αἰσχρῶς
420 2722 579 2790 ἀπολέσαι
601 2725 895 2811 προθυμηθέντες,
924 2729 968 2812 μὴ
992 2727 1068 2813 ούχδ

48 2831 148 2915 ὅμοια
172 2831 308 2917 δράσειν
333 2833 395 2915 τὴν
419 2831 680 2917 ὑποδεξαμένην.
722 2833 1006 2921 ἀριστοκρατεῖται
1031 2831 1068 2900 δὲ

121 3059 221 3184 ῙπΞλν
241 3058 422 3132 βλαβηναιΟ
460 3059 528 3130 πρὶν
551 3055 568 3126 ἢ
594 3061 618 3132 β
637 3060 782 3130 Kiessling
855 3062 939 3116 8καλ
959 3062 1065 3118 ούτεΟ

47 3131 94 3184 καλ
119 3132 152 3186 ού
201 3129 313 3184 ficheler
390 3128 610 3212 9διαμὲνουσα]
637 3134 831 3187 διασθευούσοι
853 3132 956 3187 Reiske
1032 3140 1065 3187 10

49 3200 125 3270 μένει
143 3201 220 3256 ABb
253 3199 305 3274 μὲν
323 3201 341 3270 ἡ
361 3201 408 3255 Ba
440 3199 535 3272 μένειν
555 3201 658 3256 Ιῖοιελιε
693 3202 771 3272 μένει
790 3203 906 3258 seclusit
919 3203 1065 3274 Kiessling

50 3278 81 3325 11
100 3270 293 3343 δυνησομένης
311 3272 334 3325 Β
418 3280 450 3327 12
471 3271 507 3328 ἀν
526 3289 579 3327 om.
599 3273 622 3325 B
704 3280 736 3329 17
756 3273 866 3344 διαχέοι
885 3275 933 3329 καλ
953 3275 1064 3329 διαλύοι

49 3343 73 3396 Α
113 3342 221 3414 διαχέει
243 3344 292 3399 κοιλ
316 3344 467 3400 διαλύειΒ
509 3345 608 3414 διαχεῖ
626 3343 674 3398 καί
697 3346 824 3401 διαλύσει
849 3345 938 3400 Cobet
962 3345 1064 3401 Variae

49 3413 122 3470 Lect.
142 3434 168 3486 p.
185 3422 237 3470 362
274 3414 323 3470 καλ
342 3415 452 3470 διαλύει
470 3414 547 3468 idem
565 3415 620 3470 del.
640 3416 707 3472 Obs.
726 3435 753 3487 p.
770 3424 820 3473 126
840 3417 885 3471 cui
904 3434 957 3488 ego
988 3434 1062 3472 eom-

51 3488 140 3540 motus
158 3487 251 3543 verbis
269 3505 296 3558 p.
312 3491 373 3557 419,
389 3494 406 3542 4
426 3486 565 3542 assentior

849 3579 904 3634 23*
