2384 3902
468 227 634 278 -ω-
995 219 1112 284 m-

112 384 297 450 xxxxffl.
331 381 378 450 ‘H
401 382 439 452 οι
464 386 595 471 οιοηιη
623 363 886 471 ‚commestam
915 383 957 450 οὐ
984 387 1064 448 ια-

50 497 117 568 λαῑς
142 490 297 578 ἡμέραις,
325 487 446 559 καθ’δ
475 493 616 577 μάλιστα
640 494 832 570 δυσάλωτος
854 486 941 557 εἶναι
964 487 1064 575 μέρος

50 598 150 664 ἐδόκει
169 596 224 664 καί
244 593 301 664 ὑπ’
322 599 453 686 ὀλίγωνζ
471 599 688 685 ἐφυλάσσετο,
711 601 793 666 κατά
811 593 901 665 τοῦτ’
918 597 1062 682 ἐλήφθη.

50 705 86 771 οὐ
107 706 175 790 μήν
194 705 473 792 ἀνδραποδισμοῦ
496 701 527 791 γ’
549 705 570 792 ή
589 713 802 791 κατασκαφής
820 703 982 798 έγτειράθη
1002 703 1064 786 φό-

49 837 101 890 νος
122 809 151 877 τ’
176 812 371 899 ἀνθρώπων
395 813 436 880 οὐ
459 816 565 892 πολὺς
587 813 717 898 ἐγένετο
742 813 822 899 μετὰ
843 813 904 896 τήν
922 811 1088 876 άλωσιν·ι

50 920 221 1008 ἀποχρῶσα
244 921 309 1006 γάρ
333 919 441 1006 έφάνη
466 923 563 1006 ζημία
585 931 655 998 τοῖς
678 920 817 998 ὑπάτοις
838 922 966 996 πόλεως
985 917 1064 1000 ὁμο-

50 1034 169 1104 εθνοῦς
196 1026 411 1113 ἁμαρτούσης
438 1027 570 1115 ἁρπαγή
598 1028 776 1114 χρημάτων
803 1050 839 1094 τε
861 1024 918 1092 καὶ
940 1024 1063 1111 ἀνδρα-

49 1136 159 1202 πόδων
177 1131 234 1201 καλ
253 1134 272 1200 ὁ
289 1144 358 1200 τῶν
375 1136 459 1201 κατά
477 1137 540 1220 τήν
553 1136 662 1221 μάχην
677 1131 893 1219 ἀπολομένων
907 1135 1063 1219 ὄλεθρος·

49 1250 103 1307 τοῦ
126 1237 165 1308 δέ
188 1243 233 1327 μή
256 1247 442 1328 προχείρως
465 1244 513 1308 ἔτι
536 1245 615 1320 τοὺς
637 1240 824 1319 ἑαλωκότας
847 1238 900 1308 ἐπὶ
920 1242 960 1306 τά
979 1239 1064 1306 ὅπλα

49 1357 193 1434 χωρήσαι
216 1349 349 1433 φυλακή
373 1350 578 1433 γενήσεσθαι
601 1351 717 1433 μετρία
739 1345 795 1413 καλ
817 1350 970 1431 συνήθης
988 1342 1064 1411 Ῥω
1074 1368 1103 1408 ιο

51 1459 166 1540 μαίοις,
188 1455 210 1539 ή
234 1465 303 1522 τῶν
325 1458 443 1522 αίτίων
461 1464 519 1539 τής
536 1455 749 1532 ἀποστάσεως
766 1457 910 1531 κόλασις.
943 1453 1103 1537 ama-2

50 1561 200 1640 λέσαντες
228 1563 270 1647 δή
297 1564 495 1647 Φιδηναίων
517 1565 597 1640 τοὺς
619 1561 761 1639 ἁλόντας
783 1564 830 1639 είς
852 1562 914 1645 τήν
938 1559 1065 1647 ἀγοράν

10 1668 100 1734 mua}
132 1670 240 1736 πολλὰ
269 1678 328 1754 της
355 1669 472 1747 ἀνοίας
500 1669 613 1736 αὐτῶν
638 1671 924 1755 κατηγορήσαντες
951 1666 1065 1746 ἀξίους

50 1774 77 1840 τ’
107 1772 195 1843 εἶναι
225 1779 395 1862 φήσαντες
421 1777 569 1854 ἅπαντας
595 1776 724 1861 ήβηδὸν
752 1775 962 1842 ἀπολωλέναι
985 1776 1066 1860 μήτε
1168 1856 1169 1860 ¹

50 1893 116 1960 ταῖς
143 1883 349 1970 εὐεργεσίαις
376 1883 475 1969 χάριν
502 1885 632 1961 είδότας
659 1884 740 1968 μήτε
768 1893 839 1960 τοῖς
865 1893 979 1960 κακοῖς
1002 1897 1065 1947 σω-
1075 1899 1106 1940 1⁶

51 1988 325 2076 φρονιζομένους,
351 1989 492 2074 ῥάβδοις
514 1990 723 2074 αίκισάμενοι
744 1993 825 2066 τοὺς
847 1989 1066 2074 ἐπιφανεστά-

50 2119 126 2174 τους
153 2095 311 2164 άπάυτων
338 2097 498 2182 ἀράντων
523 2095 733 2164 ἀπέκτειναν·
765 2099 844 2174 τοὺς
867 2093 906 2162 δὲ
928 2098 1067 2172 λοιποὺς

52 2209 164 2270 εἴασαν
191 2205 297 2270 οίκείν
325 2205 370 2282 ὡς
397 2204 563 2289 πρότερον
590 2202 703 2291 ᾤκουν
725 2204 898 2289 φρουροὺς
926 2216 1066 2285 συγκατ-
1094 2203 1098 2210 ’

53 2313 234 2388 οαιίσαντες
267 2310 396 2395 αὐτοῖς,
430 2311 531 2388 ὅσους
563 2313 694 2396 ἔκρινεν
723 2309 744 2394 ή
772 2311 893 2393 βουλή,
926 2305 981 2373 καί
1008 2315 1066 2390 τῆς

52 2419 156 2504 χώρας
179 2418 386 2503 ἀφελόμενοί
404 2439 481 2483 τινα
504 2427 626 2503 μοῖραν
649 2426 720 2493 τοῖς
742 2425 906 2502 φρουροῖς
927 2416 1064 2481 ἔδωκαν.
1074 2432 1104 2473 ιν

52 2533 150 2591 ταῦτα
182 2522 445 2611 διαπραξάμενοι
476 2523 539 2607 τήν
568 2524 716 2608 δύναμιν
743 2522 873 2607 ἀπῆγον
901 2521 937 2588 ἐκ
965 2521 1065 2606 <τής>

53 2641 116 2696 τῶν
145 2635 318 2717 πολεμίων
349 2630 406 2698 καλ
432 2631 493 2696 τὸν
519 2631 586 2697 ὑπὸ
614 2639 672 2715 τῆς
699 2634 823 2716 βουλής
850 2629 1067 2716 ψηφισθέντα

54 2741 220 2824 θρίαμβον
242 2741 443 2823 κατήγαγον.
477 2746 581 2803 ταῦτα
604 2735 666 2823 μὲν
689 2737 742 2804 ἐπὶ
760 2747 819 2823 τῆς
835 2739 965 2805 τούτων
984 2737 1068 2803 ὑπα-
1128 2801 1131 2808 ,

55 2848 136 2922 τείας
158 2844 321 2932 ἐπράχθη.

116 2949 321 3018 ΧΧΧΧΙΙΠ.
354 2952 508 3016 Ποπλίου
536 2947 574 3016 δέ
598 2953 792 3036 Ποστομίου
818 2961 879 3016 τοῦ
906 2948 1106 3035 καλουμέ-νὸ

57 3079 114 3122 νου
148 3055 342 3144 Τουβέρτου
377 3059 415 3124 τὸ
449 3058 607 3144 δεύτερον
639 3058 753 3145 ἀρχειν
786 3055 979 3145 αἱρεθέντος
1010 3055 1065 3122 καὶ

124 3292 155 3340 12
180 3283 211 3341 δὲ
237 3287 260 3341 0
298 3285 333 3355 δὴ
359 3285 505 3355 Kiessling
597 3294 628 3342 1⁷
652 3285 810 3342 πάντωνΟ
833 3302 903 3341 corr.
922 3283 1067 3357 Kiessling

61 3358 90 3409 20
107 3376 168 3412 τινα
186 3373 242 3412 om.
260 3356 284 3409 B
358 3363 390 3412 21
412 3356 560 3428 ἀπήγαγον
581 3375 604 3412 ο.
624 3358 749 3413 Reudler
766 3357 857 3413 Τίτου.
877 3356 937 3412 erik.
956 3376 985 3427 p.
1004 3362 1038 3411 43
1060 3358 1065 3430 ή
1093 3403 1095 3408 .

61 3432 102 3494 τῆς
119 3427 181 3484 add.
195 3428 297 3482 Portus
314 3430 319 3496 Ι
336 3423 367 3482 έιι
383 3435 432 3497 της
449 3430 584 3499 πολεμίας
602 3446 624 3484 ο.
641 3429 771 3498 Sylhurg,
789 3428 877 3484 verba
896 3423 927 3483 έν
945 3437 1001 3484 τῶν
1014 3448 1069 3484 πο-

63 3498 152 3566 λεμίων
169 3501 237 3569 μοιβ
251 3500 395 3570 θρίαμβον
410 3500 620 3568 transponenda
639 3515 700 3555 esse
719 3516 741 3554 ο.
761 3499 907 3568 Kiessling
