2394 3912
501 243 534 252 -
572 212 663 274 5.-
829 159 831 164 v
1023 213 1089 278 403

68 381 187 457 τοῦτο,
211 376 324 452 δείσας
346 378 391 461 μή
409 398 440 440 τι
460 373 627 460 μονωθεὶς
645 375 663 442 ὁ
683 375 767 461 ἀνήρ
786 377 891 464 πάθη,
913 380 993 455 τοὺς
1010 402 1089 463 κρα-

20 491 28 500 ”
67 483 209 559 τίστους
243 493 311 549 τών
343 481 430 550 νέων
462 483 614 570 ἀρωγοὺς
647 483 735 571 αὐτῷ
768 483 900 568 πέμπει·
941 484 1089 551 κάκεῖνοι

65 590 272 672 ποιήσαντες
298 592 447 668 πυκνοὺς
469 593 548 667 τοὺς
570 593 691 675 λόχους
713 589 915 674 ἐμβάλλουσι
937 602 1007 669 τοῖς
1029 613 1087 659 πο-

65 697 209 778 λεμίοις.
254 696 295 761 οὐ
318 695 507 779 δεξαμένων
532 693 563 760 δ’
585 695 707 774 αὐτοὺς
729 707 797 762 τῶν
819 699 902 764 κατά
924 697 1087 783 μέτωπον,

65 796 147 867 ἀλλ’
168 804 214 880 είς
243 804 356 888 φυγήν
378 802 585 889 τραπέντων,
612 803 812 890 προσωτέρω
836 813 1114 890 προχωροῦντεςῡ

64 909 267 994 εὑρίσκουσι
293 912 353 976 τὸν
374 910 533 997 Μάρκιον
559 911 758 997 τραυμάτων
785 912 906 996 μεστὸν
933 910 989 976 καλ
1011 910 1086 997 περὶ

12 1016 179 1082 58αὐτὸν
206 1016 310 1102 ὁρῶσι
336 1019 477 1103 νεκρούς
503 1040 538 1083 τε
565 1016 737 1102 κειμένους
763 1019 909 1095 πολλοὺς
935 1016 991 1084 καλ
1013 1018 1086 1104 ήμι-
1174 1041 1177 1048 ’

63 1129 198 1200 θανείς.
235 1126 316 1209 μετά
338 1123 427 1191 τοῦτ’
453 1126 517 1209 ήδη
540 1136 661 1203 κοινῶς
683 1124 833 1211 ἐχώρουν
856 1125 1003 1210 ἡγεμόνα
1025 1125 1120 1192 τὸν3

64 1229 229 1314 Μάρκιον
257 1212 388 1316 ἔχοντες
415 1228 469 1298 ἐπὶ
495 1234 574 1308 τοὺς
602 1235 650 1297 ἐτι
678 1228 895 1316 διαμένοντας
922 1232 959 1298 ἐν
985 1233 1084 1317 τάξει,

64 1339 256 1414 κτείνοντες
278 1340 357 1415 τοὺς
378 1337 626 1423 ὑφισταμένους
648 1334 705 1403 καλ
727 1338 836 1423 ώσπερ
860 1339 1086 1426 ἀνδραπόδοις
1100 1358 1125 1398 1⁰

66 1445 332 1529 παραχρώμενοι.
378 1443 466 1523 άξιοι
488 1441 550 1529 μὲν
573 1445 615 1528 δή
639 1447 743 1528 λόγου
765 1442 821 1509 καὶ
845 1445 880 1509 οί
900 1447 995 1512 ἀλλοι
1010 1443 1085 1513 Ῥω-

69 1560 164 1634 μαίοι
186 1549 224 1615 ἐν
244 1552 348 1637 ταώτη
371 1559 412 1636 τῇ
435 1552 521 1636 μάχη
541 1549 711 1641 ἐγένοντο,
731 1551 901 1638 κράτιστοι
920 1550 951 1617 δ’
973 1553 1084 1619 αὐτῶν

69 1658 107 1722 οί
122 1661 386 1742 προασπίσαντες
404 1660 464 1724 τὸν
477 1658 647 1744 Μάρκιον·
670 1655 754 1746 ὑπὲρ
773 1660 921 1737 ἀπαντας
936 1654 967 1725 δ’
984 1661 1085 1738 αὐτὸς
1182 1735 1185 1739 ,

71 1763 89 1828 ὁ
113 1764 276 1850 Μάρκιος,
301 1764 338 1842 ὃς
360 1746 496 1848 καλτής
518 1768 612 1848 νίκης
634 1764 871 1851 ἀναμφιλόγως
893 1769 1084 1847 αἰτιώτατος

67 1865 119 1954 ἦν.
162 1869 233 1937 ἐπεὶ
260 1867 297 1936 δέ
324 1876 563 1952 συνεσκόταζεν
585 1873 667 1957 ήδη,
697 1874 733 1938 οί
753 1869 814 1959 μὲν
831 1870 985 1960 Ῥωμαῖοι
1009 1876 1123 1943 &ve-1⁵

64 1979 202 2064 χώρουν
235 1977 287 2044 ἐπὶ
316 1980 354 2052 τὸ
383 1981 608 2065 στρατόπεδον
636 1978 719 2064 μέγα
748 1978 801 2046 ἐπὶ
827 1990 867 2066 τῇ
895 1985 971 2068 νίκη
1000 2007 1083 2068 φρο-

64 2094 208 2163 νοῦντες
232 2084 289 2151 καλ
315 2089 461 2164 πολλοὺς
487 2084 548 2171 μὲν
577 2087 779 2172 ἀνῃρηκότες
805 2097 872 2152 τῶν
892 2086 1082 2173 Ἀντιατῶν,

62 2195 213 2269 πολλοὺς
236 2188 268 2256 δ’
289 2193 516 2278 αἰχμαλώτους
538 2195 685 2276 ἀγοντες.

135 2298 362 2365 LXXXXIIII.
394 2304 441 2385 Τή
465 2291 495 2365 δ’
518 2298 591 2384 ἑξής
612 2298 718 2386 ήμέρηι
742 2299 947 2382 συγκαλέσας
969 2300 987 2367 ὁ
1012 2305 1081 2368 Πό-

63 2421 211 2491 στουμος
233 2408 281 2484 είς
304 2407 480 2491 ἐκκλησίαν
502 2408 563 2472 τὸν
585 2407 728 2492 στρατὸν
747 2407 885 2471 ἔπαινον
904 2415 964 2472 τοῦ
982 2412 1080 2493 Μαρ-
1094 2427 1122 2468 νο

62 2516 143 2578 κίου
171 2513 324 2596 διεξήλθε
351 2516 459 2579 πολὺν
488 2512 544 2580 καλ
571 2512 748 2597 στεφάνοις
776 2512 880 2578 αὐτὸν
903 2513 1081 2598 ἀριστείοις

62 2619 229 2704 ἀνέδησεν
257 2619 454 2705 ἀμφοτέρων
482 2623 677 2706 χαριστήρια
704 2631 772 2685 τών
801 2618 942 2703 ἀγώνων
964 2620 1080 2686 ἀποδι-

63 2710 157 2804 δοός.
184 2727 373 2813 ἐδωρήσατο
393 2721 424 2791 δ’
437 2726 541 2793 αὐτὸν
554 2728 642 2814 ἵππω
656 2731 835 2812 πολεμιστῇ
850 2740 1080 2813 στρατηγικοῖς

1 2833 239 2919 νουέπισήμοις
255 2831 488 2922 κεκοσμημένῳ
507 2832 561 2899 καλ
582 2833 660 2900 δέκα
680 2834 831 2920 σώμασιν
849 2836 1078 2921 αἰχμαλώτοις,

63 2937 116 3006 ἐπ’
139 2941 253 3030 ἐκείνω
276 2943 427 3026 ποιήσας,
451 2941 510 3018 οὓς
533 2942 689 3025 βούλοιτο
713 2944 839 3025 λαβείν,
862 2941 1011 3030 ἀργυρίῳ
1030 2965 1076 3028 τε,
1091 2961 1117 3002 ει

137 3123 153 3170 2
172 3117 243 3172 *καλ
261 3111 366 3173 ἐκείνοι
385 3117 407 3172 O
480 3117 727 3188 δήποχωροάντες
746 3116 768 3171 0
805 3085 960 3187 χωροῦντες
978 3135 1000 3173 ο.
1016 3117 1076 3187 Syl-

62 3188 165 3271 burg⁸
209 3197 419 3260 προχωροῦντες
436 3205 459 3243 ο.
478 3189 579 3243 Portus
653 3193 668 3242 7
680 3188 880 3270 ,ήμιδανεῑςΟ
917 3188 1077 3315 ἡμιδνᾏταρ

63 3275 87 3314 ο.
109 3258 181 3314 Sm1t
200 3259 265 3316 Obs.
306 3265 360 3315 ,31
416 3267 449 3315 10
468 3258 660 3331 ἀνδραπόδοις
677 3278 708 3313 m
727 3277 800 3328 susp.
820 3261 905 3314 vocat
923 3259 996 3314 snut
1034 3261 1075 3317 bs.

62 3350 90 3400 p.
111 3336 143 3386 31
210 3339 241 3386 11
262 3279 414 3388 alpaddss
480 3338 511 3386 12
532 3327 563 3387 ἐν
581 3338 615 3402 τῇ
634 3329 891 3417 μάχηίταάτηώυ
921 3337 953 3386 13
973 3333 1076 3396 αὐτοὺς

64 3419 88 3474 Ο
112 3435 180 3474 corr.
205 3419 327 3489 Sylburg
418 3426 451 3474 14
474 3419 673 3494 ἀναμφιβόλως
700 3417 899 3491 ἀναμφιβόλως
922 3420 968 3474 Bb
999 3439 1004 3448 ·
1041 3427 1074 3479 18

63 3487 294 3562 <αί>χμαλώτους
311 3491 359 3546 Bb
434 3498 465 3547 19
485 3490 634 3563 ποστόμιος
651 3492 698 3547 Ba
732 3491 900 3561 ποττοόμιος
917 3492 995 3546 ABb

861 3577 917 3634 26*
