2394 3912
118 175 182 240 308
547 182 707 232 -Ξ-

118 338 278 422 οὐδεμίαν
302 350 424 423 μοῖραν
447 341 494 417 είς
516 341 554 405 τὸ
578 341 742 425 δημόσιον
766 341 959 425 ἀνήνεγκεν,
983 339 1054 406 ἀλλ’
1080 333 1127 418 οἷς

117 444 217 522 αὐτὸς
241 445 397 529 ἐβούλετο
420 449 672 533 κατεχαρίσατο·
709 447 765 514 καὶ
788 451 897 514 ἔπεισε
920 449 982 532 την
1004 450 1127 531 βουλίην

116 551 161 635 μη
185 552 306 618 δοῦναι
329 561 374 641 τῷ
399 551 498 637 ἀνδρὶ
521 554 581 620 τὸν
603 557 784 640 θρίαμβον.
831 555 849 620 ὁ
875 552 911 620 δὲ
934 558 1128 640 Σερουίλιος

116 656 279 742 ὑβρίσθαι
303 661 414 726 δοκῶν
433 660 497 725 ὑπὸ
515 670 576 726 τοῦ
596 663 779 748 συνεδρίου
798 663 845 739 είς
864 663 1051 728 αὐθάδειαν
1070 659 1128 726 οὐκ

90 765 280 831 σείωθυῑαν
299 762 474 850 Ῥωμαίοις
496 766 666 852 ἐτράπετο·
699 765 841 844 καλέσας
864 770 928 853 γάρ
952 770 1001 844 εἰς
1020 767 1128 850 ἐκκλη-

116 874 193 935 σίαν
224 872 283 936 τὸν
316 873 424 957 δῆμον
457 872 494 938 ἐν
524 882 570 960 τῷ
604 875 668 957 πρὸ
700 883 759 957 τῆς
791 877 920 950 πόλεως
946 875 1048 960 πεδίῳ
1077 871 1127 938 καὶ

116 975 299 1054 διεξελθὼν
332 979 372 1043 τά
399 977 591 1064 πραχθέντα
618 982 701 1045 κατὰ
728 981 787 1046 τὸν
814 983 962 1064 πόλεμον
990 978 1044 1044 καὶ
1072 988 1126 1044 τοῦ

116 1084 344 1168 συνάρχοντος
371 1087 431 1150 τὸν
459 1090 595 1170 φθόνον
617 1085 755 1170 καὶτῆς
777 1090 902 1171 βουλῆς
924 1088 983 1151 τὸν
1006 1105 1126 1169 προπη-

115 1192 277 1274 λακισμὸν
297 1191 552 1274 διηγησάμενος,
571 1193 636 1276 ἔφη
654 1193 745 1277 παρὰ
763 1202 830 1257 τῶν
845 1191 967 1256 ἑαυτοῦ
980 1189 1126 1275 πράξεων

76 1313 102 1353 1⁰
115 1295 170 1362 καί
192 1305 253 1362 τοῦ
277 1295 596 1382 συναγωνισαμένου
620 1299 864 1384 στρατεύματος
887 1299 975 1381 ἐχειν
993 1297 1054 1380 την
1072 1304 1126 1360 τοῦ

115 1405 299 1488 πομπεύειν
318 1402 370 1470 ἐπὶ
389 1409 504 1481 καλοῖς
521 1426 556 1468 τε
574 1402 629 1470 καὶ
648 1402 823 1488 εὐτυχέσιν
843 1407 954 1488 ἔργοις
968 1402 1125 1481 ἐξουσίαν.

79 1506 209 1575 3ταῦτ’
244 1512 347 1577 είπδιν
379 1521 593 1594 στεφανῶσαι
624 1512 683 1587 τὰς
714 1510 862 1595 ῥάβδους
894 1509 1045 1577 ἐκέλευσε
1077 1506 1168 1572 καὶιιυ

115 1616 215 1693 αύτὸς
242 1616 545 1701 στεφανωσάμενος
571 1619 657 1702 ἔχων
685 1616 747 1699 την
774 1617 983 1701 θριαμβικὴν
1007 1615 1125 1698 ἐσθῆτα

114 1732 261 1805 προῆγεν
290 1725 337 1799 είς
365 1722 427 1805 την
454 1725 553 1788 πόλιν
580 1722 646 1787 ὑπὸ
674 1731 736 1788 τοῦ
765 1724 873 1807 δήμου
901 1723 1025 1799 παντὸς
1052 1743 1124 1803 προ-

76 1845 101 1885 15
115 1831 341 1911 πεμπόμενος,
374 1829 436 1905 ἕως
470 1830 517 1906 είς
548 1830 585 1893 τὸ
609 1831 823 1894 Καπιτώλιον
853 1828 956 1912 ἀνέβη
988 1827 1044 1893 καὶ
1074 1828 1123 1902 τάς

115 1934 213 2018 εὐχάς
236 1922 384 2001 ἀπέδωκε
408 1934 526 2000 καὶτὰ
549 1940 654 2000 σκῦλα
679 1933 854 2018 ἀνέθηκεν.
892 1935 928 2001 ἐκ
952 1931 990 2000 δὲ
1010 1937 1123 2001 τούτου

114 2044 251 2126 φθόνον
273 2037 334 2124 μὲν
359 2043 406 2106 ἔτι
429 2044 562 2126 μείζονα
585 2043 674 2126 παρὰ
696 2052 764 2107 τῶν
786 2046 970 2127 πατρικίων
994 2041 1123 2107 ἐπεσπά-

82 2215 86 2222 ,
115 2163 207 2231 σατο,
232 2148 356 2213 οίκείον
379 2144 411 2211 δ’
430 2145 536 2234 ἑαυτῷ
559 2149 830 2232 παρεσκευάσατο
848 2149 887 2213 τὸ
906 2149 1092 2232 δημοτικόν.

181 2271 300 2337 ΧΧΧΙ.
329 2266 386 2336 Ἐν
409 2272 577 2348 τοιαύταις
601 2265 633 2336 δ’
656 2271 911 2348 ἀκαταστασίαις
929 2280 987 2355 της
1004 2274 1122 2346 πόλεως

77 2395 103 2436 80
118 2379 220 2461 ούσης
243 2377 402 2463 ἐκεχειρία
426 2400 476 2455 τις
499 2377 536 2443 ἐν
553 2385 599 2466 τῷ
620 2379 677 2442 διὰ
694 2377 799 2462 μέσου
816 2376 980 2461 γενομένη
1000 2384 1122 2442 θυσιῶν

114 2486 263 2568 πατρίων
296 2483 391 2549 ἕνεκα
424 2481 480 2548 καὶ
509 2486 712 2569 πανηγύρεις
739 2483 958 2567 ἐπιλαβοῦσαι
986 2481 1122 2568 λαμπραί

115 2601 187 2667 ταῖς
215 2589 379 2668 δαπάναις
407 2589 548 2675 ἐπέσχον
575 2579 651 2674 την
667 2591 704 2655 ἐν
730 2599 776 2678 τῷ
805 2594 946 2676 παρόντι
969 2599 1029 2656 τοῦ
1049 2591 1122 2671 πλη-

116 2702 203 2773 θους
235 2698 460 2781 διχοστασίαν.
506 2695 697 2782 ἑορτάζουσι
725 2695 755 2761 δ’
786 2697 899 2773 αὐτοῖς
927 2695 1122 2761 ἐπιτίθενται

115 2807 221 2887 πολλῇ
245 2803 386 2888 δυνάμει
409 2806 555 2886 Σαβῖνοι
578 2811 699 2869 τοῦτον
722 2802 758 2868 ἐκ
780 2807 908 2869 πολλοῦ
927 2801 1122 2887 φυλάξαντες

77 2928 103 2969 ει
116 2911 176 2975 τὸν
207 2912 346 2995 χρόνον,
380 2907 566 2994 ἀρχομένης
597 2912 646 2974 ἐτι
675 2911 795 2986 νυκτὸς
823 2909 1040 2994 ποιησάμενοι
1063 2909 1121 2992 την

189 3160 202 3206 1
224 3152 366 3223 ἀνήγαγεν
387 3153 409 3207 0
447 3153 603 3224 ἀνήνεγκεν
617 3154 712 3223 Tegge
727 3153 911 3220 Quaestiones
931 3155 967 3208 de
985 3171 1033 3208 usu
1044 3169 1121 3221 prae·

117 3237 178 3288 pos.
197 3241 225 3290 p.
240 3229 254 3275 7
334 3230 348 3278 ’ί
368 3223 405 3277 τά
423 3225 499 3296 αύτῷ
517 3244 539 3278 π
557 3223 684 3293 ἀχθέντα
702 3242 725 3280 c.
745 3224 849 3279 Reiske
934 3233 966 3280 11
987 3221 1120 3295 ἐξουσίαν]

120 3291 251 3357 εάτυχίαν
269 3293 318 3346 ΒΟ
397 3299 429 3347 12
449 3295 499 3356 τὰς
518 3291 652 3367 βαβδους]
676 3297 742 3359 τοὺς
765 3295 914 3366 ἀνδραςΒ
951 3295 1122 3366 στεφανώσα-

121 3361 191 3439 σθαι
208 3362 272 3421 τοὺς
290 3361 398 3432 ἀνδρας
416 3380 438 3416 ο.
457 3363 561 3419 Reiske
635 3374 668 3420 17
688 3364 728 3421 ἔτι
748 3367 844 3422 om.B
914 3374 947 3423 18
966 3366 997 3423 δὲ
1015 3365 1121 3440 αύτῷΟ

122 3426 140 3474 δ
167 3427 241 3495 αύτῷ
258 3430 344 3496 vulgo
417 3440 451 3486 20
471 3429 668 3505 ἐκκεχειρίαΒ
