<?xml version="1.0" encoding="UTF-8"?>
<!DOCTYPE html PUBLIC "-//W3C//DTD XHTML 1.0 Transitional//EN"
    "http://www.w3.org/TR/xhtml1/DTD/xhtml1-transitional.dtd">
<html xmlns="http://www.w3.org/1999/xhtml" xml:lang="en" lang="en">
 <head>
  <title>
</title>
<meta http-equiv="Content-Type" content="text/html;charset=utf-8" />
  <meta name='ocr-system' content='tesseract 3.04.00' />
  <meta name='ocr-capabilities' content='ocr_page ocr_carea ocr_par ocr_line ocrx_word'/>
</head>
<body>
  <div class='ocr_page' id='page_1' title='image "./antiquitatumrom01jacogoog_0307.png"; bbox 0 0 2384 3902; ppageno 0'>
   <div class='ocr_carea' id='block_1_1' title="bbox 564 231 725 283">
    <p class='ocr_par' dir='ltr' id='par_1_1' title="bbox 564 231 725 283">
     <span class='ocr_line' id='line_1_1' title="bbox 564 231 725 283; baseline 0 -13"><span class='ocrx_word' id='word_1_1' title='bbox 564 231 725 283; x_wconf 71' lang='lat' dir='ltr'><strong><em>„g-</em></strong></span> 
     </span>
    </p>
   </div>
   <div class='ocr_carea' id='block_1_2' title="bbox 63 385 1191 3134">
    <p class='ocr_par' dir='ltr' id='par_1_2' title="bbox 63 385 1191 3134">
     <span class='ocr_line' id='line_1_2' title="bbox 135 385 1147 478; baseline -0.001 -21"><span class='ocrx_word' id='word_1_2' title='bbox 135 392 271 478; x_wconf 82' lang='grc' dir='ltr'><strong><em>γραφὴν</em></strong></span> <span class='ocrx_word' id='word_1_3' title='bbox 289 403 357 457; x_wconf 83' lang='grc' dir='ltr'><strong><em>τῶν</em></strong></span> <span class='ocrx_word' id='word_1_4' title='bbox 377 404 588 477; x_wconf 78' lang='grc' dir='ltr'><strong><em>στρατιωτῶν</em></strong></span> <span class='ocrx_word' id='word_1_5' title='bbox 607 395 747 478; x_wconf 81' lang='grc' dir='ltr'><strong><em>ἔμελλον</em></strong></span> <span class='ocrx_word' id='word_1_6' title='bbox 765 398 945 456; x_wconf 79' lang='grc' dir='ltr'><strong><em>ποιεῖσθαι.</em></strong></span> <span class='ocrx_word' id='word_1_7' title='bbox 978 392 1023 468; x_wconf 80' lang='grc' dir='ltr'><strong><em>ὡς</em></strong></span> <span class='ocrx_word' id='word_1_8' title='bbox 1042 385 1074 455; x_wconf 90' lang='grc' dir='ltr'><strong><em>δ’</em></strong></span> <span class='ocrx_word' id='word_1_9' title='bbox 1092 391 1147 474; x_wconf 80' lang='grc' dir='ltr'><strong><em>οὐχ</em></strong></span> 
     </span>
     <span class='ocr_line' id='line_1_3' title="bbox 134 496 1147 583; baseline -0.003 -20"><span class='ocrx_word' id='word_1_10' title='bbox 134 499 308 582; x_wconf 72' lang='grc' dir='ltr'><strong><em>ὑπήκουον</em></strong></span> <span class='ocrx_word' id='word_1_11' title='bbox 327 499 440 576; x_wconf 79' lang='grc' dir='ltr'><strong><em>αὐτοῖς</em></strong></span> <span class='ocrx_word' id='word_1_12' title='bbox 460 500 495 564; x_wconf 89' lang='grc' dir='ltr'><strong><em>οί</em></strong></span> <span class='ocrx_word' id='word_1_13' title='bbox 511 496 684 583; x_wconf 80' lang='grc' dir='ltr'><strong><em>δημοτικοὶ</em></strong></span> <span class='ocrx_word' id='word_1_14' title='bbox 702 500 905 582; x_wconf 87' lang='grc' dir='ltr'><strong><em>καλούμενοι</em></strong></span> <span class='ocrx_word' id='word_1_15' title='bbox 922 497 1082 574; x_wconf 78' lang='grc' dir='ltr'><strong><em>πολλάκις</em></strong></span> <span class='ocrx_word' id='word_1_16' title='bbox 1101 496 1147 562; x_wconf 79' lang='grc' dir='ltr'><strong><em>ἐπὶ</em></strong></span> 
     </span>
     <span class='ocr_line' id='line_1_4' title="bbox 136 602 1147 692; baseline -0.003 -22"><span class='ocrx_word' id='word_1_17' title='bbox 136 607 197 671; x_wconf 83' lang='grc' dir='ltr'><strong><em>τὸν</em></strong></span> <span class='ocrx_word' id='word_1_18' title='bbox 226 607 462 692; x_wconf 87' lang='grc' dir='ltr'><strong><em>στρατιωτικὸν</em></strong></span> <span class='ocrx_word' id='word_1_19' title='bbox 490 606 607 691; x_wconf 86' lang='grc' dir='ltr'><strong><em>ὅρκον,</em></strong></span> <span class='ocrx_word' id='word_1_20' title='bbox 641 603 751 670; x_wconf 86' lang='grc' dir='ltr'><strong><em>οὐκέτι</em></strong></span> <span class='ocrx_word' id='word_1_21' title='bbox 777 604 839 688; x_wconf 78' lang='grc' dir='ltr'><strong><em>τὴν</em></strong></span> <span class='ocrx_word' id='word_1_22' title='bbox 868 604 973 688; x_wconf 82' lang='grc' dir='ltr'><strong><em>αὐτὴν</em></strong></span> <span class='ocrx_word' id='word_1_23' title='bbox 1001 602 1147 687; x_wconf 80' lang='grc' dir='ltr'><strong><em>ἑκάτερος</em></strong></span> 
     </span>
     <span class='ocr_line' id='line_1_5' title="bbox 136 707 1186 797; baseline -0.005 -20"><span class='ocrx_word' id='word_1_24' title='bbox 136 707 202 796; x_wconf 81' lang='grc' dir='ltr'><strong><em>εἶχε</em></strong></span> <span class='ocrx_word' id='word_1_25' title='bbox 223 713 371 796; x_wconf 84' lang='grc' dir='ltr'><strong><em>γνώμην,</em></strong></span> <span class='ocrx_word' id='word_1_26' title='bbox 396 708 468 776; x_wconf 86' lang='grc' dir='ltr'><strong><em>ἀλλ’</em></strong></span> <span class='ocrx_word' id='word_1_27' title='bbox 490 713 592 777; x_wconf 79' lang='grc' dir='ltr'><strong><em>ἐνθεν</em></strong></span> <span class='ocrx_word' id='word_1_28' title='bbox 610 711 789 797; x_wconf 81' lang='grc' dir='ltr'><em>ἀρξάμενοι</em></span> <span class='ocrx_word' id='word_1_29' title='bbox 808 711 1026 796; x_wconf 83' lang='grc' dir='ltr'><strong><em>διεστήκεσάν</em></strong></span> <span class='ocrx_word' id='word_1_30' title='bbox 1042 733 1079 774; x_wconf 90' lang='grc' dir='ltr'><strong><em>τε</em></strong></span> <span class='ocrx_word' id='word_1_31' title='bbox 1096 707 1186 774; x_wconf 62' lang='lat' dir='ltr'><strong><em>nam</em></strong></span> 
     </span>
     <span class='ocr_line' id='line_1_6' title="bbox 108 817 1147 903; baseline -0.003 -21"><span class='ocrx_word' id='word_1_32' title='bbox 108 818 296 883; x_wconf 73' lang='lat' dir='ltr'><strong><em>⁵vo’cvavu&#39;a</em></strong></span> <span class='ocrx_word' id='word_1_33' title='bbox 327 819 527 903; x_wconf 90' lang='grc' dir='ltr'><strong><em>πράττοντες</em></strong></span> <span class='ocrx_word' id='word_1_34' title='bbox 558 817 714 902; x_wconf 81' lang='grc' dir='ltr'><strong><em>ἀλληλοις</em></strong></span> <span class='ocrx_word' id='word_1_35' title='bbox 745 819 835 903; x_wconf 84' lang='grc' dir='ltr'><strong><em>παρὰ</em></strong></span> <span class='ocrx_word' id='word_1_36' title='bbox 867 818 975 883; x_wconf 91' lang='grc' dir='ltr'><strong><em>πάντα</em></strong></span> <span class='ocrx_word' id='word_1_37' title='bbox 1007 817 1067 880; x_wconf 90' lang='grc' dir='ltr'><strong><em>τὸν</em></strong></span> <span class='ocrx_word' id='word_1_38' title='bbox 1096 825 1147 898; x_wconf 80' lang='grc' dir='ltr'><strong><em>τῆς</em></strong></span> 
     </span>
     <span class='ocr_line' id='line_1_7' title="bbox 101 919 1147 1010; baseline -0.004 -21"><span class='ocrx_word' id='word_1_39' title='bbox 101 924 239 1010; x_wconf 81' lang='grc' dir='ltr'><strong><em>3ἀρχης</em></strong></span> <span class='ocrx_word' id='word_1_40' title='bbox 265 928 390 1008; x_wconf 79' lang='grc' dir='ltr'><strong><em>χρόνον</em></strong></span> <span class='ocrx_word' id='word_1_41' title='bbox 416 923 614 988; x_wconf 75' lang='grc' dir='ltr'><strong><em>διετέλεσαν.</em></strong></span> <span class='ocrx_word' id='word_1_42' title='bbox 661 926 848 1010; x_wconf 77' lang='grc' dir='ltr'><strong><em>Σερουιλίῳ</em></strong></span> <span class='ocrx_word' id='word_1_43' title='bbox 872 919 1021 1008; x_wconf 75' lang='grc' dir='ltr'><strong><em>μὲνγὰρ</em></strong></span> <span class='ocrx_word' id='word_1_44' title='bbox 1045 921 1147 987; x_wconf 88' lang='grc' dir='ltr'><strong><em>ἐδόκει</em></strong></span> 
     </span>
     <span class='ocr_line' id='line_1_8' title="bbox 135 1028 1147 1116; baseline -0.002 -22"><span class='ocrx_word' id='word_1_45' title='bbox 135 1031 198 1113; x_wconf 82' lang='grc' dir='ltr'><strong><em>την</em></strong></span> <span class='ocrx_word' id='word_1_46' title='bbox 232 1028 474 1116; x_wconf 76' lang='grc' dir='ltr'><strong><em>ἐπιεικεστέραν</em></strong></span> <span class='ocrx_word' id='word_1_47' title='bbox 501 1040 569 1095; x_wconf 80' lang='grc' dir='ltr'><strong><em>τῶν</em></strong></span> <span class='ocrx_word' id='word_1_48' title='bbox 597 1029 687 1096; x_wconf 82' lang='grc' dir='ltr'><strong><em>ὁδῶν</em></strong></span> <span class='ocrx_word' id='word_1_49' title='bbox 714 1031 921 1116; x_wconf 85' lang='grc' dir='ltr'><strong><em>πορεύεσθαι</em></strong></span> <span class='ocrx_word' id='word_1_50' title='bbox 948 1038 987 1114; x_wconf 75' lang='grc' dir='ltr'><strong><em>τῇ</em></strong></span> <span class='ocrx_word' id='word_1_51' title='bbox 1015 1031 1147 1093; x_wconf 90' lang='grc' dir='ltr'><strong><em>Μανίου</em></strong></span> 
     </span>
     <span class='ocr_line' id='line_1_9' title="bbox 101 1125 1148 1222; baseline -0.001 -22"><span class='ocrx_word' id='word_1_52' title='bbox 101 1125 105 1130; x_wconf 49' lang='grc'><em>“</em></span> <span class='ocrx_word' id='word_1_53' title='bbox 138 1135 326 1222; x_wconf 85' lang='grc' dir='ltr'><strong><em>Οὐαλερίου</em></strong></span> <span class='ocrx_word' id='word_1_54' title='bbox 349 1138 465 1221; x_wconf 82' lang='grc' dir='ltr'><strong><em>γνώμη</em></strong></span> <span class='ocrx_word' id='word_1_55' title='bbox 487 1145 548 1201; x_wconf 87' lang='grc' dir='ltr'><strong><em>τοῦ</em></strong></span> <span class='ocrx_word' id='word_1_56' title='bbox 569 1136 841 1221; x_wconf 71' lang='grc' dir='ltr'><strong><em>δημοτικωτάτου</em></strong></span> <span class='ocrx_word' id='word_1_57' title='bbox 860 1134 1094 1222; x_wconf 79' lang='grc' dir='ltr'><strong><em>προσθεμένῳ,</em></strong></span> <span class='ocrx_word' id='word_1_58' title='bbox 1117 1135 1148 1210; x_wconf 82' lang='grc' dir='ltr'><strong><em>ὃς</em></strong></span> 
     </span>
     <span class='ocr_line' id='line_1_10' title="bbox 135 1238 1148 1327; baseline -0.002 -20"><span class='ocrx_word' id='word_1_59' title='bbox 135 1242 233 1325; x_wconf 79' lang='grc' dir='ltr'><strong><em>ἠξίου</em></strong></span> <span class='ocrx_word' id='word_1_60' title='bbox 259 1244 321 1327; x_wconf 79' lang='grc' dir='ltr'><strong><em>τὴν</em></strong></span> <span class='ocrx_word' id='word_1_61' title='bbox 349 1242 455 1326; x_wconf 77' lang='grc' dir='ltr'><strong><em>ἀρχὴν</em></strong></span> <span class='ocrx_word' id='word_1_62' title='bbox 484 1243 639 1308; x_wconf 80' lang='grc' dir='ltr'><strong><em>ἰάσεσθαι</em></strong></span> <span class='ocrx_word' id='word_1_63' title='bbox 666 1252 724 1327; x_wconf 78' lang='grc' dir='ltr'><strong><em>τῆς</em></strong></span> <span class='ocrx_word' id='word_1_64' title='bbox 752 1244 896 1320; x_wconf 87' lang='grc' dir='ltr'><strong><em>στάσεως</em></strong></span> <span class='ocrx_word' id='word_1_65' title='bbox 924 1244 1066 1327; x_wconf 90' lang='grc' dir='ltr'><strong><em>μάλιστα</em></strong></span> <span class='ocrx_word' id='word_1_66' title='bbox 1093 1238 1148 1325; x_wconf 76' lang='grc' dir='ltr'><strong><em>μὲν</em></strong></span> 
     </span>
     <span class='ocr_line' id='line_1_11' title="bbox 97 1345 1148 1435; baseline -0.001 -23"><span class='ocrx_word' id='word_1_67' title='bbox 97 1374 123 1412; x_wconf 94' lang='lat'><strong><em>10</em></strong></span> <span class='ocrx_word' id='word_1_68' title='bbox 138 1350 259 1433; x_wconf 83' lang='grc' dir='ltr'><strong><em>ἀφεσιν</em></strong></span> <span class='ocrx_word' id='word_1_69' title='bbox 277 1349 298 1433; x_wconf 76' lang='grc' dir='ltr'><strong><em>ἣ</em></strong></span> <span class='ocrx_word' id='word_1_70' title='bbox 317 1352 455 1434; x_wconf 84' lang='grc' dir='ltr'><strong><em>μείωσιν</em></strong></span> <span class='ocrx_word' id='word_1_71' title='bbox 473 1360 541 1415; x_wconf 83' lang='grc' dir='ltr'><strong><em>τῶν</em></strong></span> <span class='ocrx_word' id='word_1_72' title='bbox 559 1359 667 1435; x_wconf 81' lang='grc' dir='ltr'><strong><em>χρεῶν</em></strong></span> <span class='ocrx_word' id='word_1_73' title='bbox 685 1348 950 1435; x_wconf 77' lang='grc' dir='ltr'><strong><em>ψηφισαμένους,</em></strong></span> <span class='ocrx_word' id='word_1_74' title='bbox 971 1352 1002 1414; x_wconf 86' lang='grc' dir='ltr'><strong><em>εί</em></strong></span> <span class='ocrx_word' id='word_1_75' title='bbox 1019 1345 1058 1413; x_wconf 74' lang='grc' dir='ltr'><strong><em>δὲ</em></strong></span> <span class='ocrx_word' id='word_1_76' title='bbox 1073 1352 1148 1432; x_wconf 80' lang='grc' dir='ltr'><strong><em>μήγε</em></strong></span> 
     </span>
     <span class='ocr_line' id='line_1_12' title="bbox 135 1455 1149 1542; baseline -0.002 -22"><span class='ocrx_word' id='word_1_77' title='bbox 135 1457 284 1522; x_wconf 82' lang='grc' dir='ltr'><strong><em>κώλυσιν</em></strong></span> <span class='ocrx_word' id='word_1_78' title='bbox 311 1465 368 1540; x_wconf 80' lang='grc' dir='ltr'><strong><em>τῆς</em></strong></span> <span class='ocrx_word' id='word_1_79' title='bbox 396 1455 573 1540; x_wconf 75' lang='grc' dir='ltr'><strong><em>ἀπαγωγῆς</em></strong></span> <span class='ocrx_word' id='word_1_80' title='bbox 594 1467 662 1521; x_wconf 81' lang='grc' dir='ltr'><strong><em>τῶν</em></strong></span> <span class='ocrx_word' id='word_1_81' title='bbox 685 1455 904 1542; x_wconf 82' lang='grc' dir='ltr'><strong><em>ὑπερημέρων</em></strong></span> <span class='ocrx_word' id='word_1_82' title='bbox 927 1456 1071 1520; x_wconf 87' lang='grc' dir='ltr'><strong><em>κατὰτὸ</em></strong></span> <span class='ocrx_word' id='word_1_83' title='bbox 1095 1477 1149 1519; x_wconf 90' lang='grc' dir='ltr'><strong><em>πα-</em></strong></span> 
     </span>
     <span class='ocr_line' id='line_1_13' title="bbox 137 1559 1150 1648; baseline -0.003 -21"><span class='ocrx_word' id='word_1_84' title='bbox 137 1566 214 1645; x_wconf 89' lang='grc' dir='ltr'><strong><em>ρόν,</em></strong></span> <span class='ocrx_word' id='word_1_85' title='bbox 244 1564 449 1648; x_wconf 79' lang='grc' dir='ltr'><strong><em>παρακλήσει</em></strong></span> <span class='ocrx_word' id='word_1_86' title='bbox 477 1585 512 1627; x_wconf 93' lang='grc' dir='ltr'><strong><em>τε</em></strong></span> <span class='ocrx_word' id='word_1_87' title='bbox 542 1567 669 1645; x_wconf 82' lang='grc' dir='ltr'><strong><em>μᾶλλον</em></strong></span> <span class='ocrx_word' id='word_1_88' title='bbox 699 1561 720 1646; x_wconf 71' lang='grc' dir='ltr'><em>ἢ</em></span> <span class='ocrx_word' id='word_1_89' title='bbox 750 1562 877 1647; x_wconf 78' lang='grc' dir='ltr'><strong><em>ἀνάγκη</em></strong></span> <span class='ocrx_word' id='word_1_90' title='bbox 905 1564 986 1638; x_wconf 88' lang='grc' dir='ltr'><strong><em>τοὺς</em></strong></span> <span class='ocrx_word' id='word_1_91' title='bbox 1012 1559 1150 1644; x_wconf 85' lang='grc' dir='ltr'><strong><em>πένητας</em></strong></span> 
     </span>
     <span class='ocr_line' id='line_1_14' title="bbox 137 1666 1151 1753; baseline -0.003 -20"><span class='ocrx_word' id='word_1_92' title='bbox 137 1666 190 1733; x_wconf 80' lang='grc' dir='ltr'><strong><em>ἐπὶ</em></strong></span> <span class='ocrx_word' id='word_1_93' title='bbox 219 1671 279 1734; x_wconf 92' lang='grc' dir='ltr'><strong><em>τδν</em></strong></span> <span class='ocrx_word' id='word_1_94' title='bbox 310 1669 547 1752; x_wconf 89' lang='grc' dir='ltr'><strong><em>στρατιωτικὸν</em></strong></span> <span class='ocrx_word' id='word_1_95' title='bbox 577 1669 679 1753; x_wconf 83' lang='grc' dir='ltr'><strong><em>ὅρκον</em></strong></span> <span class='ocrx_word' id='word_1_96' title='bbox 707 1670 801 1752; x_wconf 87' lang='grc' dir='ltr'><strong><em>άγειν</em></strong></span> <span class='ocrx_word' id='word_1_97' title='bbox 828 1667 883 1733; x_wconf 80' lang='grc' dir='ltr'><strong><em>καὶ</em></strong></span> <span class='ocrx_word' id='word_1_98' title='bbox 910 1670 969 1745; x_wconf 85' lang='grc' dir='ltr'><strong><em>τάς</em></strong></span> <span class='ocrx_word' id='word_1_99' title='bbox 996 1671 1151 1752; x_wconf 84' lang='grc' dir='ltr'><strong><em>τιμωρίας</em></strong></span> 
     </span>
     <span class='ocr_line' id='line_1_15' title="bbox 136 1773 1151 1860; baseline -0.003 -21"><span class='ocrx_word' id='word_1_100' title='bbox 136 1776 219 1839; x_wconf 86' lang='grc' dir='ltr'><strong><em>κατά</em></strong></span> <span class='ocrx_word' id='word_1_101' title='bbox 242 1786 309 1839; x_wconf 81' lang='grc' dir='ltr'><strong><em>τῶν</em></strong></span> <span class='ocrx_word' id='word_1_102' title='bbox 331 1775 565 1841; x_wconf 80' lang='grc' dir='ltr'><strong><em>ἀπειθούντων</em></strong></span> <span class='ocrx_word' id='word_1_103' title='bbox 584 1777 627 1859; x_wconf 78' lang='grc' dir='ltr'><strong><em>μὴ</em></strong></span> <span class='ocrx_word' id='word_1_104' title='bbox 645 1776 789 1860; x_wconf 80' lang='grc' dir='ltr'><strong><em>χαλεπάς</em></strong></span> <span class='ocrx_word' id='word_1_105' title='bbox 806 1781 980 1840; x_wconf 80' lang='grc' dir='ltr'><strong><em>ποιεῖσθαι</em></strong></span> <span class='ocrx_word' id='word_1_106' title='bbox 998 1773 1057 1839; x_wconf 85' lang='grc' dir='ltr'><strong><em>καὶ</em></strong></span> <span class='ocrx_word' id='word_1_107' title='bbox 1076 1773 1151 1838; x_wconf 88' lang='grc' dir='ltr'><strong><em>άπα-</em></strong></span> 
     </span>
     <span class='ocr_line' id='line_1_16' title="bbox 98 1879 1151 1966; baseline 0.002 -24"><span class='ocrx_word' id='word_1_108' title='bbox 98 1901 124 1942; x_wconf 84' lang='lat'><strong><em>15</em></strong></span> <span class='ocrx_word' id='word_1_109' title='bbox 139 1883 329 1965; x_wconf 80' lang='grc' dir='ltr'><strong><em>ραιτητους,</em></strong></span> <span class='ocrx_word' id='word_1_110' title='bbox 358 1883 403 1959; x_wconf 78' lang='grc' dir='ltr'><strong><em>ὡς</em></strong></span> <span class='ocrx_word' id='word_1_111' title='bbox 430 1881 467 1947; x_wconf 87' lang='grc' dir='ltr'><strong><em>ἐν</em></strong></span> <span class='ocrx_word' id='word_1_112' title='bbox 490 1880 680 1966; x_wconf 88' lang='grc' dir='ltr'><strong><em>ὁμονοούση</em></strong></span> <span class='ocrx_word' id='word_1_113' title='bbox 704 1885 814 1963; x_wconf 90' lang='grc' dir='ltr'><strong><em>πόλει,</em></strong></span> <span class='ocrx_word' id='word_1_114' title='bbox 844 1884 978 1965; x_wconf 83' lang='grc' dir='ltr'><strong><em>μετρίας</em></strong></span> <span class='ocrx_word' id='word_1_115' title='bbox 1002 1879 1042 1946; x_wconf 87' lang='grc' dir='ltr'><strong><em>δέ</em></strong></span> <span class='ocrx_word' id='word_1_116' title='bbox 1064 1905 1151 1956; x_wconf 88' lang='grc' dir='ltr'><strong><em>τινας</em></strong></span> 
     </span>
     <span class='ocr_line' id='line_1_17' title="bbox 136 1981 1151 2072; baseline 0 -22"><span class='ocrx_word' id='word_1_117' title='bbox 136 1984 192 2051; x_wconf 82' lang='grc' dir='ltr'><strong><em>καὶ</em></strong></span> <span class='ocrx_word' id='word_1_118' title='bbox 221 1986 387 2065; x_wconf 83' lang='grc' dir='ltr'><strong><em>ἐπιεικεῖς·</em></strong></span> <span class='ocrx_word' id='word_1_119' title='bbox 419 1988 581 2052; x_wconf 91' lang='grc' dir='ltr'><strong><em>κίνδυνον</em></strong></span> <span class='ocrx_word' id='word_1_120' title='bbox 609 1988 671 2072; x_wconf 87' lang='grc' dir='ltr'><strong><em>γάρ</em></strong></span> <span class='ocrx_word' id='word_1_121' title='bbox 700 1985 742 2052; x_wconf 82' lang='grc' dir='ltr'><strong><em>ἀν</em></strong></span> <span class='ocrx_word' id='word_1_122' title='bbox 771 1981 871 2068; x_wconf 80' lang='grc' dir='ltr'><strong><em>εἶναι,</em></strong></span> <span class='ocrx_word' id='word_1_123' title='bbox 900 1989 945 2070; x_wconf 81' lang='grc' dir='ltr'><strong><em>μὴ</em></strong></span> <span class='ocrx_word' id='word_1_124' title='bbox 969 1987 1055 2070; x_wconf 89' lang='grc' dir='ltr'><strong><em>πρὸς</em></strong></span> <span class='ocrx_word' id='word_1_125' title='bbox 1079 1986 1151 2050; x_wconf 87' lang='grc' dir='ltr'><strong><em>ἀπό-</em></strong></span> 
     </span>
     <span class='ocr_line' id='line_1_18' title="bbox 137 2093 1150 2180; baseline -0.004 -22"><span class='ocrx_word' id='word_1_126' title='bbox 137 2117 235 2160; x_wconf 90' lang='grc' dir='ltr'><strong><em>νοιαν</em></strong></span> <span class='ocrx_word' id='word_1_127' title='bbox 268 2094 456 2180; x_wconf 89' lang='grc' dir='ltr'><strong><em>τράπωνται</em></strong></span> <span class='ocrx_word' id='word_1_128' title='bbox 489 2095 712 2170; x_wconf 87' lang='grc' dir='ltr'><strong><em>συνελθόντες</em></strong></span> <span class='ocrx_word' id='word_1_129' title='bbox 745 2095 792 2170; x_wconf 86' lang='grc' dir='ltr'><strong><em>είς</em></strong></span> <span class='ocrx_word' id='word_1_130' title='bbox 824 2093 948 2158; x_wconf 83' lang='grc' dir='ltr'><strong><em>ταύτὸν</em></strong></span> <span class='ocrx_word' id='word_1_131' title='bbox 979 2093 1150 2176; x_wconf 79' lang='grc' dir='ltr'><strong><em>ἀνθρωττοι</em></strong></span> 
     </span>
     <span class='ocr_line' id='line_1_19' title="bbox 136 2195 1151 2285; baseline -0.003 -20"><span class='ocrx_word' id='word_1_132' title='bbox 136 2211 203 2265; x_wconf 81' lang='grc' dir='ltr'><strong><em>τῶν</em></strong></span> <span class='ocrx_word' id='word_1_133' title='bbox 229 2195 306 2266; x_wconf 86' lang='grc' dir='ltr'><strong><em>καθ’</em></strong></span> <span class='ocrx_word' id='word_1_134' title='bbox 329 2198 456 2285; x_wconf 75' lang='grc' dir='ltr'><strong><em>ἡμέραν</em></strong></span> <span class='ocrx_word' id='word_1_135' title='bbox 480 2199 604 2276; x_wconf 78' lang='grc' dir='ltr'><strong><em>ἐνδεεῖς</em></strong></span> <span class='ocrx_word' id='word_1_136' title='bbox 627 2198 889 2284; x_wconf 80' lang='grc' dir='ltr'><strong><em>ἀναγκαζόμενοι</em></strong></span> <span class='ocrx_word' id='word_1_137' title='bbox 912 2200 1151 2284; x_wconf 85' lang='grc' dir='ltr'><strong><em>στρατεύεσθαι</em></strong></span> 
     </span>
     <span class='ocr_line' id='line_1_20' title="bbox 136 2307 450 2384; baseline 0.003 -13"><span class='ocrx_word' id='word_1_138' title='bbox 136 2307 266 2372; x_wconf 86' lang='grc' dir='ltr'><strong><em>τέλεσιν</em></strong></span> <span class='ocrx_word' id='word_1_139' title='bbox 290 2308 450 2384; x_wconf 44' lang='grc' dir='ltr'><strong><em>οἰκείοις,</em></strong></span> 
     </span>
     <span class='ocr_line' id='line_1_21' title="bbox 98 2409 1152 2496; baseline 0.001 -23"><span class='ocrx_word' id='word_1_140' title='bbox 98 2435 125 2474; x_wconf 78' lang='grc' dir='ltr'><strong><em>νο</em></strong></span> <span class='ocrx_word' id='word_1_141' title='bbox 204 2413 345 2478; x_wconf 87' lang='lat' dir='ltr'>XXIIII.</span> <span class='ocrx_word' id='word_1_142' title='bbox 374 2409 514 2479; x_wconf 87' lang='grc' dir='ltr'><strong><em>Ἀππίου</em></strong></span> <span class='ocrx_word' id='word_1_143' title='bbox 543 2411 573 2477; x_wconf 90' lang='grc' dir='ltr'><strong><em>δ’</em></strong></span> <span class='ocrx_word' id='word_1_144' title='bbox 596 2409 638 2496; x_wconf 78' lang='grc' dir='ltr'><strong><em>ἦν</em></strong></span> <span class='ocrx_word' id='word_1_145' title='bbox 661 2413 777 2496; x_wconf 82' lang='grc' dir='ltr'><strong><em>γνώμη</em></strong></span> <span class='ocrx_word' id='word_1_146' title='bbox 801 2419 862 2476; x_wconf 88' lang='grc' dir='ltr'><strong><em>τοῦ</em></strong></span> <span class='ocrx_word' id='word_1_147' title='bbox 884 2412 1152 2496; x_wconf 84' lang='grc' dir='ltr'><strong><em>κορυφαιοτάτου</em></strong></span> 
     </span>
     <span class='ocr_line' id='line_1_22' title="bbox 63 2515 1152 2604; baseline -0.003 -22"><span class='ocrx_word' id='word_1_148' title='bbox 63 2537 85 2599; x_wconf 51' lang='lat'><strong><em>⁸7</em></strong></span> <span class='ocrx_word' id='word_1_149' title='bbox 137 2529 205 2582; x_wconf 83' lang='grc' dir='ltr'><strong><em>τῶν</em></strong></span> <span class='ocrx_word' id='word_1_150' title='bbox 228 2522 480 2604; x_wconf 88' lang='grc' dir='ltr'><strong><em>προεστηκότων</em></strong></span> <span class='ocrx_word' id='word_1_151' title='bbox 503 2527 561 2603; x_wconf 77' lang='grc' dir='ltr'><strong><em>τῆς</em></strong></span> <span class='ocrx_word' id='word_1_152' title='bbox 584 2519 836 2603; x_wconf 88' lang='grc' dir='ltr'><strong><em>ἀριστοκρατίας</em></strong></span> <span class='ocrx_word' id='word_1_153' title='bbox 854 2517 1004 2602; x_wconf 88' lang='grc' dir='ltr'><strong><em>αὐστηρά</em></strong></span> <span class='ocrx_word' id='word_1_154' title='bbox 1022 2515 1084 2582; x_wconf 81' lang='grc' dir='ltr'><strong><em>καὶ</em></strong></span> <span class='ocrx_word' id='word_1_155' title='bbox 1102 2517 1152 2580; x_wconf 86' lang='grc' dir='ltr'><strong><em>αὐ-</em></strong></span> 
     </span>
     <span class='ocr_line' id='line_1_23' title="bbox 69 2608 1152 2713; baseline -0.006 -23"><span class='ocrx_word' id='word_1_156' title='bbox 69 2608 72 2618; x_wconf 41' lang='grc'><em>’</em></span> <span class='ocrx_word' id='word_1_157' title='bbox 138 2626 249 2708; x_wconf 89' lang='grc' dir='ltr'><strong><em>θάδης</em></strong></span> <span class='ocrx_word' id='word_1_158' title='bbox 276 2621 381 2709; x_wconf 71' lang='grc' dir='ltr'><strong><em>μηδὲν</em></strong></span> <span class='ocrx_word' id='word_1_159' title='bbox 410 2625 581 2692; x_wconf 78' lang='grc' dir='ltr'><strong><em>ἐνδιδόναι</em></strong></span> <span class='ocrx_word' id='word_1_160' title='bbox 599 2627 653 2713; x_wconf 79' lang='grc' dir='ltr'><strong><em>’τῷ</em></strong></span> <span class='ocrx_word' id='word_1_161' title='bbox 683 2626 777 2712; x_wconf 80' lang='grc' dir='ltr'><strong><em>δήμω</em></strong></span> <span class='ocrx_word' id='word_1_162' title='bbox 801 2625 965 2708; x_wconf 88' lang='grc' dir='ltr'><strong><em>μαλακόν,</em></strong></span> <span class='ocrx_word' id='word_1_163' title='bbox 994 2619 1152 2688; x_wconf 81' lang='grc' dir='ltr'><strong><em>ἀλλὰκαὶ</em></strong></span> 
     </span>
     <span class='ocr_line' id='line_1_24' title="bbox 138 2727 1191 2817; baseline -0.01 -21"><span class='ocrx_word' id='word_1_164' title='bbox 138 2742 207 2796; x_wconf 85' lang='grc' dir='ltr'><strong><em>τῶν</em></strong></span> <span class='ocrx_word' id='word_1_165' title='bbox 240 2734 524 2817; x_wconf 85' lang='grc' dir='ltr'><strong><em>συναλλαγμάτων</em></strong></span> <span class='ocrx_word' id='word_1_166' title='bbox 555 2733 614 2808; x_wconf 84' lang='grc' dir='ltr'><strong><em>τάς</em></strong></span> <span class='ocrx_word' id='word_1_167' title='bbox 644 2729 843 2816; x_wconf 84' lang='grc' dir='ltr'><strong><em>ἀναπράξεις</em></strong></span> <span class='ocrx_word' id='word_1_168' title='bbox 873 2727 1065 2814; x_wconf 78' lang='grc' dir='ltr'><strong><em>ἐπιτρέπειν</em></strong></span> <span class='ocrx_word' id='word_1_169' title='bbox 1091 2735 1191 2803; x_wconf 72' lang='grc' dir='ltr'><strong><em>τοῐςιθλ</em></strong></span> 
     </span>
     <span class='ocr_line' id='line_1_25' title="bbox 140 2830 1151 2924; baseline -0.004 -21"><span class='ocrx_word' id='word_1_170' title='bbox 140 2839 385 2921; x_wconf 82' lang='grc' dir='ltr'><strong><em>δεδανεικόσιν,</em></strong></span> <span class='ocrx_word' id='word_1_171' title='bbox 419 2835 473 2924; x_wconf 82' lang='grc' dir='ltr'><strong><em>ἐφ’</em></strong></span> <span class='ocrx_word' id='word_1_172' title='bbox 501 2830 550 2916; x_wconf 81' lang='grc' dir='ltr'><strong><em>οἷς</em></strong></span> <span class='ocrx_word' id='word_1_173' title='bbox 582 2835 770 2921; x_wconf 82' lang='grc' dir='ltr'><strong><em>συνέβαλον</em></strong></span> <span class='ocrx_word' id='word_1_174' title='bbox 803 2837 945 2912; x_wconf 89' lang='grc' dir='ltr'><strong><em>δικαίοις</em></strong></span> <span class='ocrx_word' id='word_1_175' title='bbox 972 2841 1151 2915; x_wconf 82' lang='grc' dir='ltr'><strong><em>ποιεῖσθαι,</em></strong></span> 
     </span>
     <span class='ocr_line' id='line_1_26' title="bbox 98 2938 1151 3031; baseline -0.001 -26"><span class='ocrx_word' id='word_1_176' title='bbox 98 2965 125 3006; x_wconf 81' lang='grc' dir='ltr'><strong><em>ει</em></strong></span> <span class='ocrx_word' id='word_1_177' title='bbox 139 2943 194 3010; x_wconf 84' lang='grc' dir='ltr'><strong><em>καὶ</em></strong></span> <span class='ocrx_word' id='word_1_178' title='bbox 221 2946 262 3009; x_wconf 85' lang='grc' dir='ltr'><strong><em>τά</em></strong></span> <span class='ocrx_word' id='word_1_179' title='bbox 286 2946 480 3031; x_wconf 82' lang='grc' dir='ltr'><strong><em>δικαστήρια</em></strong></span> <span class='ocrx_word' id='word_1_180' title='bbox 503 2947 668 3027; x_wconf 82' lang='grc' dir='ltr'><strong><em>καθίζειν,</em></strong></span> <span class='ocrx_word' id='word_1_181' title='bbox 699 2941 836 3008; x_wconf 81' lang='grc' dir='ltr'><strong><em>καὶτὸν</em></strong></span> <span class='ocrx_word' id='word_1_182' title='bbox 860 2940 897 3006; x_wconf 87' lang='grc' dir='ltr'><strong><em>ἐν</em></strong></span> <span class='ocrx_word' id='word_1_183' title='bbox 920 2949 960 3026; x_wconf 72' lang='grc' dir='ltr'><strong><em>τῇ</em></strong></span> <span class='ocrx_word' id='word_1_184' title='bbox 984 2945 1082 3006; x_wconf 89' lang='grc' dir='ltr'><strong><em>πόλει</em></strong></span> <span class='ocrx_word' id='word_1_185' title='bbox 1105 2938 1151 3024; x_wconf 89' lang='grc' dir='ltr'><strong><em>μέ-</em></strong></span> 
     </span>
     <span class='ocr_line' id='line_1_27' title="bbox 139 3043 1151 3134; baseline -0.006 -18"><span class='ocrx_word' id='word_1_186' title='bbox 139 3075 243 3118; x_wconf 92' lang='grc' dir='ltr'><strong><em>νοντα</em></strong></span> <span class='ocrx_word' id='word_1_187' title='bbox 269 3062 338 3117; x_wconf 84' lang='grc' dir='ltr'><strong><em>τῶν</em></strong></span> <span class='ocrx_word' id='word_1_188' title='bbox 366 3052 501 3117; x_wconf 88' lang='grc' dir='ltr'><strong><em>ὑπάτων</em></strong></span> <span class='ocrx_word' id='word_1_189' title='bbox 528 3053 610 3116; x_wconf 83' lang='grc' dir='ltr'><strong><em>κατὰ</em></strong></span> <span class='ocrx_word' id='word_1_190' title='bbox 632 3053 711 3128; x_wconf 86' lang='grc' dir='ltr'><strong><em>τοὺς</em></strong></span> <span class='ocrx_word' id='word_1_191' title='bbox 733 3052 893 3134; x_wconf 88' lang='grc' dir='ltr'><strong><em>πατρίους</em></strong></span> <span class='ocrx_word' id='word_1_192' title='bbox 917 3047 1082 3132; x_wconf 87' lang='grc' dir='ltr'><strong><em>ἐθισμοὺς</em></strong></span> <span class='ocrx_word' id='word_1_193' title='bbox 1104 3043 1151 3111; x_wconf 77' lang='grc' dir='ltr'><strong><em>καὶ</em></strong></span> 
     </span>
    </p>
   </div>
   <div class='ocr_carea' id='block_1_3' title="bbox 37 1449 57 1487">
    <p class='ocr_par' dir='ltr' id='par_1_3' title="bbox 37 1449 57 1487">
     <span class='ocr_line' id='line_1_28' title="bbox 37 1449 57 1487; baseline 0 0"><span class='ocrx_word' id='word_1_194' title='bbox 37 1449 57 1487; x_wconf 57' lang='lat' dir='ltr'><strong><em>*s</em></strong></span> 
     </span>
    </p>
   </div>
   <div class='ocr_carea' id='block_1_4' title="bbox 212 3270 1150 3343">
    <p class='ocr_par' dir='ltr' id='par_1_4' title="bbox 212 3270 1150 3343">
     <span class='ocr_line' id='line_1_29' title="bbox 212 3270 1150 3343; baseline -0.002 -16"><span class='ocrx_word' id='word_1_195' title='bbox 212 3283 227 3328; x_wconf 79' lang='lat'><strong>2</strong></span> <span class='ocrx_word' id='word_1_196' title='bbox 247 3275 374 3343; x_wconf 72' lang='grc' dir='ltr'><strong><em>ὑπήκοον</em></strong></span> <span class='ocrx_word' id='word_1_197' title='bbox 392 3277 415 3328; x_wconf 95' lang='grc' dir='ltr'><strong>Β</strong></span> <span class='ocrx_word' id='word_1_198' title='bbox 477 3285 494 3331; x_wconf 83' lang='grc'>4</span> <span class='ocrx_word' id='word_1_199' title='bbox 513 3273 632 3332; x_wconf 84' lang='grc' dir='ltr'><strong><em>ἐνθένδε</em></strong></span> <span class='ocrx_word' id='word_1_200' title='bbox 652 3295 674 3332; x_wconf 86' lang='grc' dir='ltr'><strong><em>ο.</em></strong></span> <span class='ocrx_word' id='word_1_201' title='bbox 695 3277 832 3332; x_wconf 76' lang='lat' dir='ltr'>Bficheler</span> <span class='ocrx_word' id='word_1_202' title='bbox 887 3283 903 3330; x_wconf 79' lang='grc' dir='ltr'>ὅ</span> <span class='ocrx_word' id='word_1_203' title='bbox 922 3273 978 3328; x_wconf 83' lang='grc' dir='ltr'><strong><em>*τὰ</em></strong></span> <span class='ocrx_word' id='word_1_204' title='bbox 997 3270 1114 3330; x_wconf 87' lang='grc' dir='ltr'><strong><em>ἐναντία</em></strong></span> <span class='ocrx_word' id='word_1_205' title='bbox 1132 3273 1150 3326; x_wconf 89' lang='lat'>0</span> 
     </span>
    </p>
   </div>
   <div class='ocr_carea' id='block_1_5' title="bbox 141 3342 1154 3562">
    <p class='ocr_par' dir='ltr' id='par_1_5' title="bbox 141 3342 1154 3562">
     <span class='ocr_line' id='line_1_30' title="bbox 141 3342 1150 3419; baseline -0.001 -23"><span class='ocrx_word' id='word_1_206' title='bbox 141 3344 297 3412; x_wconf 73' lang='grc' dir='ltr'><strong><em>ῚΜάρκου</em></strong></span> <span class='ocrx_word' id='word_1_207' title='bbox 321 3363 344 3398; x_wconf 86' lang='grc' dir='ltr'><strong><em>υ.</em></strong></span> <span class='ocrx_word' id='word_1_208' title='bbox 371 3347 471 3400; x_wconf 74' lang='lat' dir='ltr'><strong>Portus</strong></span> <span class='ocrx_word' id='word_1_209' title='bbox 562 3347 851 3419; x_wconf 82' lang='grc' dir='ltr'><strong><em>8προσθεμένωνΒ</em></strong></span> <span class='ocrx_word' id='word_1_210' title='bbox 944 3342 1150 3400; x_wconf 85' lang='grc' dir='ltr'><strong><em>9ἰάαεσθαιΒ</em></strong></span> 
     </span>
     <span class='ocr_line' id='line_1_31' title="bbox 142 3411 1152 3489; baseline 0.007 -27"><span class='ocrx_word' id='word_1_211' title='bbox 142 3411 281 3466; x_wconf 79' lang='grc' dir='ltr'><strong><em>ἰάσασθαι</em></strong></span> <span class='ocrx_word' id='word_1_212' title='bbox 298 3415 324 3466; x_wconf 83' lang='lat' dir='ltr'>R</span> <span class='ocrx_word' id='word_1_213' title='bbox 406 3424 438 3470; x_wconf 84' lang='grc'><strong><em>16</em></strong></span> <span class='ocrx_word' id='word_1_214' title='bbox 458 3415 494 3470; x_wconf 83' lang='grc' dir='ltr'><strong><em>διν</em></strong></span> <span class='ocrx_word' id='word_1_215' title='bbox 514 3417 567 3471; x_wconf 79' lang='lat' dir='ltr'>del.</span> <span class='ocrx_word' id='word_1_216' title='bbox 588 3418 677 3472; x_wconf 81' lang='lat' dir='ltr'>Cobet</span> <span class='ocrx_word' id='word_1_217' title='bbox 696 3419 760 3474; x_wconf 74' lang='lat' dir='ltr'>Obn.</span> <span class='ocrx_word' id='word_1_218' title='bbox 780 3437 807 3488; x_wconf 91' lang='lat' dir='ltr'><strong><em>p.</em></strong></span> <span class='ocrx_word' id='word_1_219' title='bbox 824 3424 874 3472; x_wconf 87' lang='grc'><strong><em>116</em></strong></span> <span class='ocrx_word' id='word_1_220' title='bbox 960 3421 995 3470; x_wconf 83' lang='lat'><strong><em>24</em></strong></span> <span class='ocrx_word' id='word_1_221' title='bbox 1013 3414 1152 3489; x_wconf 79' lang='grc' dir='ltr'><strong><em>ἐβαλονΑ</em></strong></span> 
     </span>
     <span class='ocr_line' id='line_1_32' title="bbox 147 3477 1154 3562; baseline 0.012 -33"><span class='ocrx_word' id='word_1_222' title='bbox 147 3477 264 3547; x_wconf 75' lang='grc' dir='ltr'><strong><em>ἔβαλλον</em></strong></span> <span class='ocrx_word' id='word_1_223' title='bbox 282 3481 305 3532; x_wconf 94' lang='grc' dir='ltr'>Β</span> <span class='ocrx_word' id='word_1_224' title='bbox 343 3482 454 3552; x_wconf 77' lang='grc' dir='ltr'><strong><em>ἔμελλον</em></strong></span> <span class='ocrx_word' id='word_1_225' title='bbox 473 3487 559 3556; x_wconf 87' lang='lat' dir='ltr'>vulgo</span> <span class='ocrx_word' id='word_1_226' title='bbox 596 3488 751 3562; x_wconf 83' lang='grc' dir='ltr'><strong><em>συνέβαλον</em></strong></span> <span class='ocrx_word' id='word_1_227' title='bbox 769 3488 914 3558; x_wconf 83' lang='lat' dir='ltr'>Kiessling</span> <span class='ocrx_word' id='word_1_228' title='bbox 976 3494 1009 3545; x_wconf 70' lang='grc' dir='ltr'><strong><em>λθ</em></strong></span> <span class='ocrx_word' id='word_1_229' title='bbox 1029 3487 1078 3544; x_wconf 75' lang='grc' dir='ltr'><strong><em>καὶ</em></strong></span> <span class='ocrx_word' id='word_1_230' title='bbox 1095 3486 1154 3555; x_wconf 57' lang='lat' dir='ltr'><strong><em>post</em></strong></span> 
     </span>
    </p>
   </div>
   <div class='ocr_carea' id='block_1_6' title="bbox 0 0 1208 3902">
    <p class='ocr_par' dir='ltr' id='par_1_6' title="bbox 0 0 1208 3902">
     <span class='ocr_line' id='line_1_33' title="bbox 0 0 1208 3902; baseline 0 0"><span class='ocrx_word' id='word_1_231' title='bbox 0 0 1208 3902; x_wconf 95' lang='lat' dir='ltr'><strong><em> </em></strong></span> 
     </span>
    </p>
   </div>
  </div>
 </body>
</html>
