2400 3912
144 229 188 294 60
572 231 736 282 -A-

110 390 366 476 3ἐρωτημύτων
389 388 445 456 καὶ
466 393 595 457 παῦσαί
613 411 693 456 ποτε
715 390 781 474 ἤδη
803 392 950 475 πονηρὸς
973 392 1037 480 ὥν·
1067 392 1094 455 εί
1112 387 1139 456 δέ

143 519 176 561 τι
205 498 336 563 δίκαιον
363 499 448 583 ἔχεις
470 499 553 584 πρὸς
575 491 666 562 ταῦτ’
692 498 814 582 εἰπεῖν,
842 495 971 582 ἕτοιμός
995 499 1060 582 είμι
1080 498 1139 561 τού

144 626 213 682 τοις
245 601 431 691 ἐπιτρέπειν
459 605 643 688 δικασταῖς,
677 599 726 669 ὧν
753 604 815 670 οὐκ
843 603 886 670 ἂν
914 607 1001 690 ἔχοις
1027 600 1141 689 ἑτέρους

78 763 81 770 ,
145 711 251 776 εἰπεῖν
274 712 400 797 ἄνδρας
423 709 461 775 ἐν
483 718 523 795 τῇ
541 712 636 776 πόλει
654 714 836 796 κρείττους·
870 710 928 777 ἐὰν
947 706 977 776 δ’
1000 710 1141 776 ἐντεῦθεν

117 815 410 902 νύποδιδρύσκων,
435 817 515 901 ὅπερ
539 815 631 882 ἐστίν
654 816 708 882 ἀεί
723 834 778 882 σοι
796 827 905 884 ποιεῖν
923 818 1080 901 σύνηθες,
1101 814 1142 882 ἐπὶ

142 922 202 987 τὸν
240 921 582 1008 ἐκδημαγωγούμενον
613 923 678 988 ὑπὸ
711 932 773 989 σοῦ
805 926 1016 1010 καταφεύγῃς
1049 925 1143 1008 ὄχλον,

144 1027 206 1092 οὐκ
230 1026 393 1114 ἐπιτρέψω
417 1045 485 1094 σοι·
522 1031 791 1116 παρεσκεύασμαι
813 1032 878 1117 γὰρ
902 1031 947 1108 ὡς
968 1027 1025 1097 καὶ
1048 1031 1085 1096 τδ
1106 1031 1142 1093 δί-

143 1155 221 1198 καια
245 1133 331 1219 ἐρῶν
353 1132 410 1200 καὶ
431 1137 465 1200 εί
484 1136 528 1220 μη
552 1139 687 1202 πείθοιο
710 1137 750 1201 τὰ
773 1139 866 1220 βίαια
888 1136 1034 1221 πράξων.

210 1239 360 1307 XXXIII.
399 1240 626 1326 Παυσαμένου
659 1239 692 1306 δ’
728 1243 832 1309 αὐτοῦ
864 1244 1070 1328 παραλαβὼν
1097 1244 1174 1306 τὸνῖῖλ

104 1366 130 1404 10
144 1349 246 1429 λόγον
270 1347 288 1412 ὁ
316 1349 457 1425 Τύλλιος
479 1346 589 1426 ἐλεξεν
608 1343 686 1414 ὦδε·
713 1347 861 1415 ’Ἇπαυτα
880 1350 953 1435 μέν,
977 1351 1022 1427 ὡς
1042 1353 1143 1430 ἔοικεν,

142 1454 327 1541 ἄνθρωπον
355 1455 435 1520 ὄντα
465 1456 520 1540 δεῖ
542 1456 749 1540 προσδοκᾶν,
778 1451 949 1540 ὦβουλη,
980 1458 1035 1538 [τὰ
1057 1455 1143 1541 παρά-

144 1559 237 1642 δοξα]
262 1558 318 1626 καὶ
341 1559 445 1645 μηδὲν
463 1562 621 1646 ἡγεῖσθαι
639 1563 790 1646 ἄπιστον,
814 1563 899 1628 ὅπου
917 1586 956 1646 γε
975 1560 1059 1647 κάμέ
1076 1567 1142 1646 Ταρ-

142 1667 258 1742 κύνιος
286 1666 401 1732 ούτοσί
426 1677 483 1751 τῆς
506 1667 607 1754 ἀρχῆς
629 1676 755 1732 παῦσαι
777 1671 953 1754 πρόθυμός
976 1668 1081 1735 ἐστιν·
1113 1668 1144 1733 ὃν

143 1771 207 1854 ἐγὼ
231 1774 353 1855 νήπιον
375 1772 579 1858 παραλαβὼν
601 1768 657 1836 καὶ
680 1770 982 1857 ἐπιβουλευόμενον
1005 1773 1072 1838 ὑπὸ
1090 1782 1145 1837 τῶν

103 1895 129 1934 15
144 1875 277 1962 ἐχθρῶν
305 1879 413 1942 ἔσωσα
441 1875 496 1942 καὶ
523 1875 687 1956 ἐξέθρεψα
714 1875 771 1944 καὶ
794 1880 841 1956 είς
864 1880 989 1964 ἄνδρας
1012 1879 1145 1945 ἐλθόντα

142 1984 305 2067 κηδεστὴν
333 1983 457 2066 ἠξίωσα
485 1986 617 2068 λαβεῖν,
646 1982 702 2050 καὶ
725 1990 760 2049 εί
777 2007 808 2050 τι
831 1986 975 2070 πάθοιμι
998 1987 1145 2070 διάδοχον

142 2091 281 2173 ἔμελλον
311 2092 521 2167 καταλείψειν
554 2088 711 2156 ἁπάντων
738 2102 805 2157 τῶν
833 2090 930 2176 ἐμῶν.
977 2091 1091 2176 ἐπειδὴ
1117 2087 1145 2156 δὲ

141 2197 230 2283 παρὰ
253 2197 390 2282 γνώμην
413 2193 530 2262 ἅπαντ’
552 2194 721 2281 ἀπήντηκέ
741 2221 798 2281 μοι
822 2196 877 2263 καὶ
901 2199 1011 2283 ὥσπερ
1032 2198 1146 2264 ἀδικῶν

142 2302 241 2382 αὐτὸς
268 2302 486 2387 ἐγκαλοῦμαι,
517 2303 578 2386 τὴν
605 2299 667 2388 μὲν
694 2303 799 2389 τύχην
826 2305 968 2390 ὕστερον
991 2305 1147 2372 ἀνακλαύ·

100 2375 257 2501 geopon,
287 2410 327 2474 τδι
355 2405 392 2474 δὲ
420 2410 531 2473 δίκαια
558 2416 622 2474 νῦν
649 2411 732 2495 πρὸς
760 2410 862 2476 αὐτὸν
886 2410 959 2496 ἐρῶ.
1006 2411 1072 2495 ἐγὼ
1094 2413 1147 2494 τὴν

142 2511 203 2598 μὲν
231 2513 441 2598 ἐπιτροπείαν
468 2514 562 2598 ὑμῶν
589 2517 726 2599 έλαβον,
760 2511 786 2580 ὦ
814 2518 993 2600 Ταρκύνιε,
1026 2521 1148 2603 νηπίων

141 2617 433 2703 καταλειφθέντων
462 2620 523 2705 οὐχ
548 2619 647 2704 ἑκών,
671 2619 744 2686 ἀλλ’
770 2621 835 2688 ὑπὸ
859 2633 927 2689 τῶν
954 2625 1148 2710 πραγμάτων

141 2724 377 2808 ἀναγκασθείς·
416 2725 528 2810 ἐπειδὴ
560 2727 620 2792 τὸν
652 2724 713 2810 μέν
744 2728 879 2795 πάππον
911 2729 1006 2814 ὑμῶν
1040 2730 1076 2798 ολ
1099 2739 1149 2813 τῆς

140 2834 310 2915 βασιλείας
328 2832 598 2917 ἀντιποιούμενοι
617 2843 770 2919 φανερῶς
789 2831 995 2920 ἀπέκτειναν,
1019 2837 1099 2923 ὑμῖν
1117 2832 1149 2902 δέ

100 2955 126 2996 2⁵
140 2936 196 3004 καὶ
224 2949 294 3016 τοῖς
326 2940 439 3016 ἄλλοις
467 2939 571 3004 αὐτοῦ
601 2937 799 3023 συγγενέσιν
828 2940 1059 3025 ἐπιβουλεύειν
1087 2942 1186 3010 &II-22⁵

212 3131 296 3200 1ἥδη
312 3131 366 3186 del.
381 3129 471 3184 Cobet
485 3129 550 3185 Obs.
564 3151 589 3201 p.
601 3137 636 3186 84
664 3131 713 3186 καὶ
728 3133 758 3188 εί
765 3134 831 3186 τιΑ
856 3131 884 3188 εί
896 3133 933 3202 δή
946 3135 1010 3190 τιΒ
1043 3133 1070 3191 εί
1081 3133 1114 3190 δέ
1126 3155 1149 3188 τι

139 3219 162 3257 c.
181 3201 327 3272 Kiessling
362 3200 412 3257 καί
430 3201 483 3271 γὰρ
502 3203 533 3258 εί
545 3222 572 3256 τι
590 3202 694 3257 Reiske
758 3210 773 3258 ⁷
794 3204 831 3267 ὡς
849 3204 913 3260 add.
931 3205 954 3259 Β
971 3209 975 3276 I
992 3205 1149 3276 δικαιότερα

138 3272 162 3326 Β
231 3279 263 3327 10
283 3268 338 3328 ὦδε
362 3290 416 3328 om.
435 3271 458 3324 B
543 3280 574 3327 11
594 3273 629 3328 τὰ
646 3273 797 3342 παράδοξα
815 3274 869 3332 del.
889 3275 1019 3332 Hertlein
1036 3277 1148 3331 Hermes

137 3343 164 3396 X
182 3348 234 3396 412
290 3350 323 3396 13
341 3343 553 3397 παύσασθαιΑ
608 3350 641 3398 14
660 3345 794 3468 λαχλὼνΒ
851 3352 882 3400 17
903 3347 1149 3404 ἁπάντωνωᾶδ.Β

177 3417 209 3464 18
229 3411 409 3465 *ἅπανταΟ
494 3419 527 3468 21
553 3409 683 3483 ἐπιτροπε
697 3416 778 3470 ανΒ
817 3412 982 3486 ἐπιτροπίαν
1004 3420 1030 3474 R
1117 3423 1147 3472 25

140 3478 310 3548 συγγενέσιν
327 3480 374 3533 Bb
934 3494 938 3501 “
