2384 3902
466 175 630 224 ..Ε-

39 329 93 397 καδ
122 333 168 417 μή
193 331 407 418 πειθομένοις
430 337 576 419 πόλεμον
599 333 769 400 ἀπειλεῖτε.
815 332 991 398 παύσασθε
1015 332 1056 414 δή

34 439 172 525 Ιήιυχρδις
189 439 245 506 καί
264 440 454 518 ἀπιθάνους
467 447 524 524 τής
539 443 661 526 ἔχθρας
675 441 963 525 παραβαλλόμενοι
977 458 1058 523 προ-

42 547 162 630 φάσεις
184 545 239 613 καὶ
263 549 294 612 εί
316 547 371 612 διδι
393 555 496 613 ταῦτα
520 545 654 631 με’λλετε
674 548 824 612 διαλύειν
843 546 880 610 τὸ
900 540 1059 628 συγγενές

43 651 96 718 καὶ
125 656 186 719 τὸν
213 657 360 739 πόλεμον
389 652 585 739 ἐπικυροῦν,
614 650 725 738 μηθὲν
748 655 795 718 ἔτι
819 650 1058 735 ἀναβάλλεσθε.

108 759 178 825 LV.
206 764 316 826 Ταῦτα
339 772 409 837 τοῖς
427 759 606 847 πρέσβεσιν
625 758 887 845 ἀποκρινάμενος
904 754 959 823 καὶ
978 773 1085 842 προ-τ

16 865 174 950 ῖσπίμψας
204 864 240 932 εἰι
268 875 327 951 τής
353 869 481 944 πόλεως
508 869 588 952 μετά
605 865 714 932 ’τούτο
742 865 859 951 φράζει
885 872 924 950 τή
953 867 1058 949 βουλή

44 970 117 1058 περὶ
137 981 195 1057 τής
214 971 405 1059 ἀπορρήτου
426 977 648 1058 συνωμοσίας,
673 971 799 1060 δπαρδι
817 982 884 1038 τῶν
903 981 1060 1055 μηνυτῶν

46 1082 162 1162 ἔμαθε·
198 1077 253 1144 καὶ
283 1082 396 1164 λαβὼν
421 1079 575 1158 ἐξουσίαν
597 1075 675 1166 παρ’
698 1079 809 1144 αὐτῶν
833 1077 1061 1164 αὐτοκράτορα

45 1195 104 1252 τοῦ
129 1187 412 1272 διερευνήσασθαι
434 1190 512 1264 τοὺς
536 1189 758 1272 μετασχόντας
776 1194 844 1250 τῶν
863 1184 1060 1271 ἀπορρήτων

49 1293 284 1377 βουλευμάτων
311 1291 366 1358 καί
394 1303 454 1360 τοῦ
477 1293 616 1360 κολάσαι
638 1295 717 1369 τοὺς
742 1289 990 1377 ἐξευρεθέντας,
1019 1291 1060 1356 ού
1075 1309 1101 1349 10

48 1400 108 1482 τήν
138 1398 272 1484 αὐθάδη
301 1398 356 1465 καί
383 1401 586 1487 τυραννικήν
614 1395 721 1483 ήλθεν
748 1397 845 1481 δδύν,
879 1397 923 1474 ὡς
951 1395 1062 1482 ἔτερος
1152 1435 1153 1440 1

51 1507 89 1570 ἀν
111 1530 160 1582 τις
183 1505 339 1590 ἐποίησεν
363 1509 409 1583 είς
432 1507 598 1590 τοσαύτην
621 1502 873 1581 κατακλεισθεὶς
897 1503 1061 1587 ἀνάγκην·

51 1610 117 1677 ἀλλ’
140 1610 192 1677 ἐπὶ
220 1613 282 1695 τήν
308 1612 505 1697 εὐλόγιστόν
532 1636 567 1677 τε
596 1610 650 1678 καί
678 1611 812 1695 ἀσφαλή
836 1608 890 1676 καί
914 1618 959 1698 τῷ
984 1613 1061 1695 σχή-

52 1742 123 1801 ματι
145 1728 203 1803 τῆς
224 1721 439 1804 καθεστώσης
467 1723 540 1786 τότε
568 1722 735 1795 πολιτείας
758 1717 950 1784 ἀκόλουθον
968 1716 1061 1802 ἐτρά-

51 1846 131 1890 πετο.
183 1826 259 1891 ούτε
296 1827 359 1911 γάρ
398 1825 433 1891 ἐκ
470 1837 538 1892 τῶν
573 1827 689 1891 οίκιῶυ
722 1801 1101 1917 συλλαμβανομένουςιῗ5

54 1933 188 2014 ἄγεσθαι
211 1935 291 2010 τοὺς
313 1935 449 2010 πολίτας
473 1931 526 1998 έπί
549 1933 610 1998 τὸν
632 1931 783 1998 θάνατον
801 1927 1063 2015 ἀποσπωμένους

56 2037 113 2103 ἀπὸ
140 2052 310 2123 γυναικῶν
336 2063 371 2106 τε
398 2038 454 2106 καὶ
477 2038 603 2105 τέκνων
625 2037 681 2105 καὶ
704 2036 856 2123 πατέρων
880 2037 1061 2121 ἐβουλήθη,

57 2148 110 2209 τόν
132 2141 160 2209 τ’
178 2141 291 2212 οἶκτον
310 2146 573 2232 ἐνθυμούμενος,
594 2137 663 2222 οἷος
683 2149 773 2210 ἔσται
791 2155 859 2210 τῶν
877 2146 1062 2229 προσηκόν-
1120 2175 1125 2186 ·

55 2273 115 2316 των
141 2250 290 2330 ἑκάστοις
316 2254 405 2335 παρά
430 2255 490 2318 τὸν
514 2251 733 2337 ἀποσπασμὸν
755 2260 822 2315 τῶν
846 2249 1062 2333 ἀναγκαιοτά-

14 2367 116 2422 916των
136 2356 190 2424 καί
214 2359 384 2442 δεδοικώς,
408 2361 452 2444 μή
471 2383 559 2436 τινες
582 2355 827 2442 ἀπονοηθέντες
846 2354 900 2422 ἐπὶ
917 2357 956 2420 τά
976 2356 1062 2422 ὅπλα
1076 2375 1102 2414 20

62 2464 112 2546 τήν
135 2463 240 2551 ὁρμήν
264 2466 406 2550 λάβωσι,
430 2463 486 2530 καὶ
510 2461 555 2530 δι’
578 2466 715 2549 αἵματος
738 2463 903 2549 ἐμφυλίου
927 2466 1060 2549 χωρήση

62 2571 92 2634 τὸ
114 2570 324 2656 ἀναγκασθὲν
346 2581 567 2656 παρανομεῖν·
599 2572 675 2637 ούτε
700 2573 895 2657 δικαστήρια
912 2572 1062 2650 καθίζειν

63 2677 162 2756 αὐτοῖς
184 2679 267 2768 ήίετο
292 2680 375 2763 δείυ,
400 2682 623 2763 λογιζόμενος,
648 2679 698 2744 ὅτι
721 2678 840 2756 πάντες
860 2677 1062 2764 ἀρνήσονται

60 2782 106 2848 καλ
122 2783 226 2852 ούθδν
246 2789 337 2851 ἔσται
354 2784 494 2870 βέβαιον
511 2795 582 2862 τοῖς
601 2787 771 2862 δικασταῖς
789 2788 967 2869 τεκμήριον
986 2780 1060 2850 οὐδ’

62 2887 296 2977 ἀναμφίλεκτον
320 2890 379 2970 ἔξω
403 2902 461 2978 τής
484 2893 667 2977 μηνύσεως,
692 2883 718 2979 ᾧ
742 2893 977 2968 πιστεύσαντες
999 2891 1062 2956 θά-
1076 2906 1102 2947 25

60 3019 150 3064 ναιον
175 3009 244 3064 τῶν
269 3004 414 3065 πολιτῶν
437 3008 740 3084 καταψηφιοῦνται
776 2999 894 3064 καινὸν
923 2997 963 3062 δέ
986 2997 1097 3063 τινα3

124 3163 136 3209 1
156 3157 312 3212 ἀπειλεῖται
330 3156 377 3210 Ba
405 3177 436 3210 αι
453 3174 505 3226 pro
525 3177 538 3212 ε
558 3154 723 3225 saepissime
741 3155 787 3209 Ba
873 3161 888 3209 2
908 3173 929 3208 π
931 3152 1063 3227 ροβαλλό-

63 3244 174 3291 μευοιο.
201 3227 291 3282 Cobet
314 3227 380 3282 Obs
402 3235 452 3282 103
527 3235 558 3284 17
579 3228 634 3282 ἀπὸ
659 3226 723 3280 add.
743 3226 840 3295 Βήτε
860 3242 913 3280 om
932 3225 955 3278 Β
1029 3231 1062 3280 19

62 3296 116 3364 περὶ
137 3299 183 3354 τδυ
206 3299 394 3370 ἀποσπασμὸν
414 3300 573 3390 Stephanus
596 3297 672 3352 exD
763 3303 797 3352 20
817 3317 853 3367 μη
847 3296 988 3360 ’τινεςΒ
1025 3296 1063 3368 μή

62 3367 122 3500 ριῖλ
161 3376 232 3492 l325
252 3371 396 3441 μηνύσεως
414 3391 430 3441 η
449 3372 502 3424 AB
540 3391 566 3440 μ.
587 3365 764 3423 ὦΒύολιοΙοτ
845 3375 879 3424 26
898 3371 1063 3439 καταψηφί-

75 3456 145 3492 ουται
