2384 3902
128 196 193 262 246
557 201 722 252 -Ε-

127 362 189 444 την
222 356 283 445 μὲν
313 361 479 444 ὑπατικὴν
506 358 661 439 ἐξουσίαν
690 359 821 426 ἀνελεῖν
850 360 934 425 κατὰ
960 361 999 425 τὸ
1027 362 1135 445 παρόν,

129 465 245 552 ἑτέραν
268 465 310 533 δέ
328 490 405 533 τινα
428 467 535 553 ἀρχὴν
557 466 728 546 ἀποδεῖξαι
750 465 897 551 πολέμου
920 490 956 532 τε
979 464 1036 531 καὶ
1060 468 1136 551 εἰρή-

129 597 191 658 νης
213 571 269 639 καὶ
287 575 409 652 παντὸς
428 575 532 640 ἀλλον
550 573 742 661 πράγματος
759 576 892 660 κυρίαν,
915 572 1135 660 αὐτοκράτορα

92 677 185 748 2καὶ
204 680 454 765 ἀνυπεύθυνον,
478 675 526 747 ὧν
545 679 587 746 ἀν
606 681 827 764 βουλεύσηται
845 678 901 746 καὶ
918 679 1039 766 πράξη.
1071 682 1135 765 χρύ

101 806 192 851 ονου
221 783 251 851 θ’
278 782 366 853 εἶναι
394 786 516 872 μέτρον
544 796 583 873 τῇ
606 786 667 875 νέᾳ
690 787 774 874 ἀρχῇ
797 796 903 873 μῆνας
926 785 976 870 ἓξ,
1006 788 1085 871 μετὰ
1106 783 1135 852 ὑὶ

127 877 190 976 τὴν
205 892 370 978 ἑξάμηνον
384 890 485 973 αὖθις
500 896 615 980 ἀρχειν
627 897 707 972 τοὺς
720 894 875 972 ὑπάτους.
897 895 939 959 τὰ
953 891 985 958 δ’
1004 893 1134 977 ἀναγκύ-

127 987 233 1064 σαντα
257 999 362 1083 αὐτὴν
385 999 439 1066 ἐπὶ
457 1009 502 1089 τςό
521 1006 703 1067 καταλῦσαι
721 1002 759 1067 τὸ
777 1002 981 1085 τυραννικὸν
999 1001 1134 1084 πόλεμον

128 1105 333 1189 αὐθαίρετον
360 1106 538 1191 ὑπομεῖναι
560 1109 746 1194 τυραννίδα
769 1108 876 1191 πολλὰ
899 1103 960 1192 μὲν
983 1104 1040 1173 καὶ
1063 1107 1134 1171 ἀλλα

127 1206 181 1294 ἦν,
204 1208 289 1296 ὑπὲρ
312 1213 441 1278 ἀπαντα
466 1212 496 1278 δ’
519 1214 537 1280 ὁ
560 1212 729 1300 κυρωθεὶς
746 1211 806 1299 ὑφ’
829 1212 904 1290 ἑνὸς
921 1223 991 1279 τῶν
1008 1212 1134 1278 ὑπάτων

89 1337 115 1376 10
129 1322 285 1384 Ποπλίου
310 1319 497 1406 Οὐαλερίου
520 1329 581 1386 τοῦ
604 1319 789 1404 κληθέντος
812 1322 1009 1385 Ποπλικόλα
1031 1321 1133 1403 νόμος,

127 1421 212 1509 ὑπὲρ
236 1421 278 1490 οὑ
296 1421 368 1490 κατ’
388 1426 491 1512 ἀρχὰς
509 1429 606 1511 ἔφην,
630 1428 682 1493 ὅτι
699 1428 758 1504 τὰς
775 1436 842 1491 τῶν
860 1426 997 1492 ὑπάτων
1010 1426 1134 1510 γνώμας

128 1529 274 1617 ἀκύρους
302 1530 451 1616 ἐποίησε,
479 1535 523 1617 μη
551 1541 772 1618 τιμωρεῖσθαι
789 1529 959 1616 Ῥωμαίων
983 1535 1056 1597 τινὰ
1077 1533 1132 1617 πρὸ

128 1638 237 1720 δίκης,
275 1637 452 1723 ἐπιτρέψας
487 1650 557 1716 τοῖς
594 1639 771 1723 ἀγομένοις
807 1637 860 1704 ἐπὶ
895 1641 954 1716 τὰς
990 1638 1174 1714 κολίσειςιοιι

127 1737 184 1842 ὑπ’
210 1743 322 1809 αὐτῶν
357 1751 600 1829 προκαλεῖσθαι
622 1747 684 1830 τὴν
708 1747 892 1831 διάγνωσιν
916 1743 970 1811 ἐπὶ
998 1748 1055 1812 τὸν
1082 1747 1131 1830 ὑη-

88 1868 113 1909 15
128 1873 208 1934 μον,
244 1852 301 1918 καί
336 1851 419 1932 τέως
454 1851 496 1918 ἀν
528 1853 548 1936 ἡ
581 1855 714 1938 πληθὺς
751 1853 867 1940 ἐνέγκῃ
904 1843 1022 1938 ψῆφον
1057 1847 1131 1934 ὑπὲρ

129 1955 241 2023 αὐτῶν
264 1960 397 2045 σώμασί
416 1984 451 2026 τε
474 1958 530 2026 καί
552 1962 640 2043 βίοις
662 1961 700 2025 τὸ
723 1957 870 2045 ἀσφαλὲς
894 1963 995 2045 ἐχειν·
1025 1959 1080 2024 τὸν
1101 1953 1132 2021 ὑὲ

128 2064 218 2148 παρὰ
244 2066 347 2130 ταὺτά
373 2090 405 2132 τι
432 2077 542 2132 ποιεῖν
570 2067 800 2152 ἐπιχειροῦντα
822 2063 959 2150 νηποινὶ
982 2065 1131 2130 τεθνάναι

92 2170 284 2236 3κελεύων.
331 2172 493 2256 ἐλογίζετο
524 2173 565 2256 δὴ
594 2171 754 2257 μένοντος
777 2169 838 2256 μέν
861 2175 982 2257 κυρίου
1004 2179 1064 2237 τοὺ
1084 2172 1131 2235 νό-

127 2300 194 2360 μον
226 2279 325 2343 τοῦδε
358 2276 468 2362 μηθὲν
500 2278 721 2364 ὑπηρετήσειν
753 2276 1041 2362 ἀναγκαζομένους
1070 2285 1130 2352 ταῖς

86 2400 113 2440 20
127 2381 243 2468 ἀρχαῖς
273 2386 353 2462 τοὺς
385 2383 527 2468 πένητας
558 2365 854 2471 καταφρονοῦντας
886 2382 943 2461 ὡς’
963 2386 1050 2460 είκὸς
1074 2392 1130 2446 τῶν

126 2498 310 2573 τιμωριῶν,
344 2488 382 2566 ἃς
415 2491 456 2555 οὐ
487 2499 685 2576 παραχρῆμα
716 2475 853 2574 ὑφέξειν
881 2493 1037 2575 ἔμελλον,
1067 2483 1126 2554 ἀλλ’

128 2594 210 2659 ὅταν
233 2594 251 2660 ὁ
276 2595 380 2679 δῆμος
403 2596 515 2662 αὐτῶν
538 2600 823 2682 καταψηφίσηται,
847 2595 1082 2683 ἀναιρεθέντος
1101 2589 1125 2658 δ’

128 2699 234 2764 αὐτοῦ
260 2701 342 2766 κατὰ
369 2705 498 2786 πολλὴν
527 2703 677 2788 ἀνάγκην
703 2706 744 2769 τά
767 2705 969 2787 κελευόμενα
991 2704 1127 2786 ποιήσειν

127 2805 283 2883 ἅπαντας.
329 2808 385 2873 ἵνα
414 2805 451 2874 δὲ
478 2807 588 2894 μηθὲν
616 2809 852 2875 ἐναντιωθεῖεν
878 2809 913 2875 οί
933 2807 1082 2892 πένητες,
1105 2809 1130 2870 εί

89 2929 114 2972 2⁵
126 2934 177 2988 τις
208 2911 311 2978 αὑτὸν
340 2915 498 2980 καταλύοι
525 2916 585 2980 τὸν
613 2916 720 2999 νόμον
743 2914 779 2980 ἐκ
801 2922 862 2979 τοῦ
886 2903 1051 3000 φανεροῦ,
1078 2913 1126 2996 την

129 3019 351 3106 ἰσοτύραννον
384 3020 489 3106 ἀρχὴν
526 3024 657 3107 ἔκρινεν
694 3019 748 3087 ἐπὶ
783 3022 824 3086 τὰ
856 3021 1031 3106 πράγματα
1059 3041 1125 3102 παρ

199 3243 371 3314 4πρύξηο
408 3246 516 3315 πρύξαι
539 3263 562 3300 c.
581 3245 686 3300 Reieke
760 3246 988 3320 7τυρ<ην>ικὸν
1006 3247 1052 3301 Bb
1100 3249 1125 3297 13

130 3305 296 3380 ἐπιτρέψας,
319 3320 379 3375 τοῖς
398 3312 429 3370 δὲ
449 3333 472 3369 ο.
491 3316 594 3370 Reiske
669 3324 701 3371 15
720 3315 789 3378 τέως
805 3317 882 3371 Assa
920 3317 972 3380 ἕως
989 3318 1036 3371 Bb
1099 3319 1125 3367 λλ

131 3379 179 3455 ἵνα
198 3379 275 3458 θηΒ
347 3389 381 3436 25
400 3385 493 3439 αὑτῶν
512 3385 565 3438 ΑΒ
599 3385 650 3440 τὸν
669 3384 740 3456 ὑπὲρ
759 3388 853 3442 αὑτῶν
872 3405 895 3442 ο.
914 3387 1019 3442 Reiske
1054 3384 1125 3440 αὑτὸν

8 3517 9 3522 ¹
130 3443 274 3514 Koesshng
290 3455 294 3516 λ
310 3453 443 3506 καταλύει
461 3453 483 3506 Ο
521 3455 655 3510 καταλύοι
673 3455 796 3526 Sylburg
