2394 3912
577 204 738 255 ..ς-

146 363 364 449 ἐξήττώμενοι
392 360 429 428 δέ
456 373 513 448 τῆς
536 371 684 448 κραυγῆς
705 373 773 428 τῶν
795 360 883 428 νέων
905 360 960 428 καὶ
981 371 1037 446 τῆς
1057 362 1144 428 ἀκοσ-

145 475 222 555 μίας
245 473 283 536 τό
305 493 341 536 τε
364 472 542 555 φιλότιμον
566 469 677 536 αὐτῶν
698 468 915 555 ὑφορώμενοι
937 467 991 534 καὶ
1012 469 1067 534 τὸν
1086 469 1144 534 έπι-
1185 515 1186 538 ι

145 579 336 662 πολασμόν,
363 576 404 643 ὃν
429 576 606 643 ἐποιοῦντο
629 577 712 642 κατὰ
733 585 802 640 τῶν
825 575 975 658 ὑπάτων,
1002 563 1186 658 δεδιότες,1όό

145 684 191 760 ὡς
223 684 264 750 οὐ
295 687 409 767 πρόσω
441 686 672 768 χειροκρασίας
704 681 943 766 ἐλευσόμενον,
975 682 1006 746 εί
1033 684 1076 766 μή
1103 706 1142 760 τις

124 791 260 867 ταύτοίς
288 790 419 872 εὶξειεν,
448 791 495 866 είς
518 789 647 874 δάκρυα
669 786 726 856 καί
748 790 877 872 δεήσεις
899 798 968 853 τῶν
991 787 1142 854 ἐναντιον

145 895 257 980 μένων
279 902 496 972 τελευτῶντες
518 894 710 982 ἐτράποντο.

212 1003 327 1070 LXVI.
359 1005 591 1088 Λωφήσαντος
619 999 656 1067 δὲ
682 1011 743 1067 τοῦ
771 1002 927 1086 θορύβου
953 998 1009 1066 καὶ
1033 1009 1143 1083 σιωπῆς
1185 1067 1186 1090 3

144 1109 327 1196 γενομένης
350 1112 413 1176 σὺν
437 1113 547 1197 χρόνῳ
571 1106 802 1192 διαλεχθέντες
823 1131 856 1172 τι
877 1108 962 1193 πρὸς
984 1107 1100 1183 αὑτοὺς
1119 1107 1145 1170 ολ
1185 1099 1186 1150 ³

143 1215 264 1282 ’ὕπατοι
291 1213 384 1294 τέλος
411 1215 591 1300 ἐξήνεγκαν
618 1223 676 1298 τῆς
704 1213 832 1280 ἑαυτῶν
859 1214 995 1298 γνώμης
1016 1214 1144 1279 τοιόνδε·

110 1317 270 1407 ιοἩμείς,
294 1318 320 1388 ὦ
344 1325 461 1406 βουλή,
485 1323 626 1407 μάλιστα
649 1317 710 1406 μὲν
732 1320 892 1405 ἠξιοῦμεν
910 1321 1058 1397 ἅπαντας
1074 1319 1146 1403 ὑμᾶς

143 1429 405 1514 ὁμογνωμονεῖν,
428 1430 537 1506 άλλως
558 1452 594 1494 τε
617 1427 672 1494 καί
694 1436 797 1492 ταῦτα
819 1424 897 1514 περὶ
919 1437 1034 1511 κοινῆς
1057 1442 1146 1508 σωτή

144 1539 217 1620 ρίας
235 1535 515 1620 βουλευομένους·
544 1536 575 1600 εί
592 1531 629 1601 δὲ
648 1538 704 1619 μή,
722 1544 792 1611 τοῖς
809 1531 1049 1620 πρεσβυτέροις
1065 1532 1145 1616 ὑμῶν

143 1648 245 1710 είκειν
267 1645 346 1719 τοὺς
368 1639 552 1726 νεωτέρους
574 1639 629 1706 καὶ
653 1641 697 1725 μή
722 1645 927 1724 φιλονεικεῖν
952 1635 1146 1723 ἐνθυμουμέ-

142 1773 239 1832 νους,
272 1749 323 1814 ότι
350 1747 517 1824 κάκείνοις
544 1749 592 1824 είς
618 1747 744 1830 ταύτην
773 1746 913 1812 ἐλθοῦσι
940 1746 1004 1829 τήν
1030 1745 1146 1829 ἡλικίαν

108 1878 132 1919 ιι
142 1862 199 1937 τῆς
223 1859 297 1938 ἐσῆς
319 1854 457 1941 ὑπάρξει
479 1855 658 1939 τυγχάνειν
680 1862 777 1936 τιμῆς
799 1853 888 1937 παρὰ
910 1861 979 1916 τῶν
1003 1851 1142 1936 ἐγγόνων.

142 1957 211 2026 ἐπεὶ
239 1958 270 2026 δ’
298 1960 428 2047 ὁρῶμεν
456 1962 504 2038 είς
527 1964 599 2048 ἔριν
620 1960 707 2044 ὑμᾶς
730 1959 977 2035 ἐκπεπτωκότας
1001 1958 1143 2044 ὀλεθριω

140 2068 243 2150 τάτήν
264 2078 332 2134 τῶν
356 2068 584 2153 ἀνθρωπίνων
607 2069 720 2132 νόσων
742 2063 799 2132 καὶ
821 2066 949 2147 πολλήν
972 2065 1036 2148 τήν
1053 2065 1140 2130 αὐθά-

141 2175 237 2240 δειαν
260 2174 444 2259 ὁμιλοῦσαν
466 2173 562 2258 ὑμῶν
586 2183 656 2250 τοῖς
674 2171 774 2255 νέοις,
798 2180 863 2238 νῦν
882 2168 944 2255 μὲν
964 2169 1035 2238 ἐπεὶ
1052 2175 1138 2257 βραχὺ

140 2282 178 2346 τὸ
210 2283 408 2366 λειπόμενόν
439 2279 508 2346 ἐστι
537 2287 595 2362 τῆς
622 2279 746 2364 ἡμέρας
776 2275 832 2344 καὶ
859 2277 921 2344 οὐκ
949 2275 993 2342 όν
1021 2278 1181 2344 δόναιιοιιιι

10 2409 12 2418 ’
106 2412 132 2451 νο
142 2385 235 2464 τέλος
258 2386 295 2452 έν
318 2377 425 2475 τούτῳ
448 2390 565 2469 λαβεῖν
587 2387 628 2451 τὰ
651 2385 795 2464 δόξαντα
817 2385 910 2470 ὑμῖν,
933 2381 1023 2449 δίαιτ’
1040 2384 1073 2450 ἐκ
1091 2391 1136 2448 τοῦ

142 2494 336 2579 συνεδρίου·
361 2497 408 2571 είς
430 2488 468 2560 δὲ
490 2494 550 2558 τὸν
571 2492 707 2558 ἐπιόντα
727 2493 893 2575 σύλλογον
911 2491 1005 2574 ῆξετε
1023 2491 1135 2576 μετριώ

10 2595 12 2672 f
106 2603 231 2686 2τεροι
258 2602 434 2683 γενόμενοι
462 2595 517 2664 καί
543 2598 679 2683 γνώμας
702 2600 833 2682 ἔχοντες
855 2595 1022 2680 ἀμείνους.
1062 2593 1133 2662 εἰδὲ
1184 2679 1185 2682 ¹

139 2716 324 2789 παραμενεῖ
347 2706 385 2770 τὸ
413 2708 607 2789 φιλόνεικον
633 2704 729 2788 ὑμῖν,
758 2701 849 2780 νέοις
875 2698 937 2786 μὲν
966 2704 1042 2770 οὔτε
1062 2705 1134 2768 δικα-
1184 2687 1185 2706 ³

141 2821 233 2888 σταῖς
260 2811 336 2876 οὔτε
364 2811 568 2895 συμβούλοις
596 2813 644 2875 ἐτι
671 2820 739 2876 τῶν
767 2812 1012 2893 συμφερόντων
1035 2813 1134 2896 χρήσό

213 2974 229 3022 2
250 2962 439 3037 ἐπιπολασμόν
457 2966 480 3019 Β
553 2973 570 3020 4
589 2937 783 3038 χειροκρατίας
801 2982 824 3020 c.
845 2963 935 3021 cobet
953 2965 1020 3021 Obs.
1032 2984 1056 3090 E
1068 2965 1131 3038 127!

140 3035 339 3108 ἐλευσομένους
358 3057 381 3094 ο.
400 3037 574 3106 Granberger
587 3037 664 3092 Τεεε.
679 3037 795 3108 Herbip.
809 3055 836 3108 p.
853 3043 887 3092 30
955 3043 972 3093 8
991 3058 1020 3094 τι
1058 3054 1074 3091 ο
1101 3036 1133 3093 ἐτι

138 3110 215 3163 ABb
278 3117 311 3165 11
331 3109 419 3172 ἄλλως
435 3129 465 3164 τε
484 3108 561 3163 ABb
598 3107 658 3163 ἀλλ’
676 3107 740 3164 ὡστ’
761 3110 808 3163 Ba
843 3107 932 3171 ἄλλως
955 3128 985 3178 τε
1004 3110 1044 3164 vel
1058 3118 1133 3180 ταῦτα

139 3181 194 3234 del.
214 3196 275 3270 εεεε
294 3196 317 3236 c.
337 3179 442 3236 Reiske
502 3185 534 3234 13
554 3179 658 3250 καὶμὴ
703 3185 851 3236 ιλονεικεῖν
871 3196 925 3234 om.
944 3179 996 3270 Βἱ
1023 3186 1049 3234 16
1064 3188 1133 3250 τιμῆς

139 3247 599 3392 ειιαιιῖλλιιλιιιλλε
617 3248 811 3378 ἑαυτά
829 3252 833 3323 ⁹
850 3246 1132 3380 ἐνάλλεται

141 3387 207 3474 Ομε.
226 3406 252 3455 p.
270 3396 319 3446 127
385 3398 419 3447 18
437 3391 558 3461 ῆμῶνΒ
622 3398 656 3447 21
675 3393 756 3463 ῆκετε
777 3395 867 3450 Cobet
885 3394 904 3448 l.
923 3395 942 3449 l.
1011 3400 1132 3466 θόιταρα-

142 3475 219 3522 μενει
238 3457 260 3508 Β
296 3460 456 3531 παραμένοι
474 3462 500 3515 R
535 3471 699 3534 παραμενεῖ
712 3463 802 3521 cobet
819 3465 838 3521 l.
858 3465 877 3520 l.
