2400 3912
449 243 483 253 -
519 216 544 266 Ε
581 244 614 254 -
978 214 1055 279 179.

1166 51 1168 92 λ

1166 94 1169 188 λ

33 367 81 440 οἶα
107 376 148 459 δή
176 365 341 459 ’μηδέποτε
367 376 427 442 τὸν
455 372 594 460 βασιλέα
616 385 684 442 τῶν
711 380 896 462 Τυρρηνῶν
918 377 1042 442 θεασό-
1170 400 1171 472 γ

31 505 137 568 μενος,
172 491 294 548 τοῦτον
329 483 388 548 τὸν
421 484 530 569 ἄνδρα
561 480 707 567 ὑπέλαβε
735 487 911 569 Πορσίναν
942 478 1042 549 εἶναι·
1171 553 1172 564 χ

31 589 47 654 ό
69 584 98 654 δ’
113 583 157 671 ἦν
181 589 246 674 ἄρα
264 593 476 675 γραμματεὺς
493 597 555 655 τοῦ
574 589 745 673 βασιλέως,
770 589 915 674 ἐκάθητο
935 588 966 655 δ’
989 588 1042 655 ἐπὶ

29 704 85 760 τοῦ
112 697 262 780 βήματος
285 696 476 780 διαριθμῶν
498 697 578 773 τοὺς
602 697 803 782 στρατιώτας
825 693 882 761 καὶ
905 697 1042 780 διαγριί-

32 825 99 886 φῶν
129 801 247 878 αὐτοῖς
276 803 358 877 τοὺς
387 801 632 886 ὀψωνιασμούς.
680 800 733 867 ἐπὶ
763 810 884 869 τοῦτον
912 804 954 888 δή
982 765 1077 880 τὸνὲ

31 906 216 993 γραμματέα
243 910 396 993 χωρήσας
425 907 481 971 διδ
503 917 565 974 τοῦ
587 909 839 993 περιεστηκότος
862 911 964 994 όχλου
987 907 1043 976 καὶ

32 1014 148 1099 ἀναβὰς
178 1014 225 1092 ώς
254 1015 401 1091 ἄνοπλος
427 1009 486 1080 ὑπ’
513 1014 658 1091 οὐθενὸς
685 1018 898 1098 κωλυόμενος
924 1016 978 1083 ἐπὶ
1005 1018 1043 1083 τὸ

33 1125 125 1206 βῆμα,
163 1129 287 1187 σπᾶται
323 1122 361 1186 τὸ
395 1119 562 1204 ξιφίδιον,
601 1119 618 1186 δ
651 1129 710 1204 τῆς
740 1125 918 1206 περιβολῆς
951 1124 1044 1200 ἐντὸς

33 1230 172 1312 ἔκρυπτε,
196 1223 254 1292 καὶ
276 1229 367 1293 παίει
389 1227 450 1292 τὸν
468 1227 577 1312 ἄνδρα
594 1228 678 1292 κατὰ
697 1235 754 1312 τῆς
772 1233 926 1314 κεφαλῆς.
964 1229 1045 1296 ἀπο-

33 1336 191 1412 θανόντος
216 1327 254 1398 δδ
276 1341 338 1399 τοῦ
360 1331 577 1419 γραμματέως
599 1337 708 1418 πληγῆ
731 1341 806 1420 μιᾷ,
835 1333 1044 1420 συλληφθεὶς
1058 1353 1084 1394 1⁰

34 1441 126 1518 εὐθὺς
152 1441 222 1507 ὑπὸ
249 1451 318 1506 τῶν
344 1437 422 1525 περὶ
448 1441 486 1505 τὸ
514 1443 603 1524 βῆμα
631 1440 715 1526 πρὸς
741 1441 801 1505 τὸν
829 1440 967 1524 βασιλέα
989 1463 1046 1508 πε-

34 1546 195 1633 πυσμένον
213 1549 280 1632 ήδη
297 1547 360 1631 τήν
377 1555 439 1613 τοῦ
456 1544 674 1632 γραμματέως
691 1546 864 1633 ἀναίρεσιν
878 1548 1045 1632 ἀπάγεται.

19 1653 52 1718 θδ
72 1652 98 1718 δ’
118 1655 164 1732 ὡς
188 1649 281 1720 εἶδεν
299 1654 414 1737 αὐτόν,
433 1643 472 1719 Ὦ
490 1653 675 1738 μιαρώτατε
693 1654 840 1736 πάντων,
864 1649 967 1736 εἶπεν,
991 1654 1082 1720 τίν-4

35 1763 188 1846 θρώπων,
217 1757 275 1826 καί
298 1760 392 1836 δίκας
414 1757 548 1843 ὑφέξων
572 1758 634 1824 οὐκ
657 1759 704 1835 είς
728 1759 858 1843 μακρὰν
882 1753 930 1825 ὧν
953 1759 1044 1838 ἄξιος

38 1862 68 1951 εἴ,
89 1867 174 1952 λέγε,
198 1870 250 1945 τίς
273 1861 380 1932 εἶκαὶ
402 1867 512 1930 πόθεν
534 1862 719 1949 ἀφιγμένος
742 1863 796 1930 καὶ
816 1867 883 1931 τίνι
903 1868 1046 1953 βοηθείᾳ
1061 1883 1086 1926 15

37 1976 195 2052 πεποιθὼς
228 1973 442 2059 ἐπεχείρησας
474 1973 560 2058 ἔργςο
593 1971 774 2058 τηλικῷδε·
817 1969 873 2036 καὶ
904 1975 1047 2060 πότερον

37 2082 86 2145 τὸν
106 2078 301 2167 γραμματέα
324 2080 385 2144 τὸν
408 2077 489 2162 ἐμὸν
508 2075 705 2144 ἀποκτεῖναί
720 2091 776 2142 σοι
793 2078 971 2162 προῦκειτο
989 2084 1047 2164 μό-

38 2209 89 2251 νον
110 2187 130 2272 ή
153 2184 252 2273 κάμέ·
283 2183 340 2250 καὶ
362 2187 455 2260 τίνας
478 2183 562 2269 ἔχεις
584 2187 770 2260 κοινωνοὺς
792 2191 851 2267 τῆς
869 2182 1047 2268 ἐπιβουλῆς

39 2291 54 2375 ἢ
79 2296 291 2379 συνίστορας;
325 2291 502 2377 ἀποκρώῆηγ
533 2286 570 2355 δὲ
593 2289 699 2376 μηδὲν
722 2300 789 2356 τῶν
813 2289 966 2374 ἀληθῶν,
990 2292 1046 2356 ’ίνα

40 2400 74 2482 μή
95 2401 356 2485 βασανιζόμενος
378 2398 594 2483 όναγκασθῆς
617 2395 736 2481 λέγειν.
1060 2417 1087 2458 20

94 2507 264 2575 XXVIIII.
287 2502 355 2571 ,Καὶ
378 2505 397 2570 δ
417 2505 569 2582 Μούκιος
592 2504 669 2570 οὔτε
693 2508 857 2589 μεταβολῆ
876 2505 1047 2590 χρώματος

42 2612 105 2679 οὔτε
131 2614 275 2701 συννοίᾳ
304 2612 487 2697 προσώπου
514 2611 574 2676 τὸν
598 2611 817 2696 ὀρρωδοῦντα
842 2612 1048 2695 διασημήνας

43 2715 100 2784 οὔτ’
121 2723 202 2787 ίίλλο
226 2719 349 2786 παθὼν
373 2717 489 2801 οὐδέν,
519 2713 567 2784 ὧν
590 2723 730 2802 φιλοῦσι
753 2718 892 2802 πάσχειν
917 2718 952 2783 oc
973 2715 1047 2801 μέλ-

44 2828 141 2905 λοντες
164 2828 406 2912 ἀποθνήσκειν,
431 2824 518 2910 λέγει
541 2826 624 2910 πρὸς
643 2826 762 2890 αὐτόν·
786 2819 870 2907 Ἐγὼ
888 2820 1048 2908 Ῥωμαίος

45 2931 93 3013 μέν
113 2936 190 3020 εἰμι,
212 2932 269 3000 καὶ
293 2933 334 2999 οὐ
356 2943 425 2998 τῶν
445 2931 785 3017 ἐπιτυχόντωνςὲνεκα
802 2915 932 3016 γένους,
957 2928 1047 2996 ἐλευ-
1061 2947 1091 3006 ιτ,

102 3127 326 3200 2ὑπολαβὼνΒ
399 3132 415 3182 8
443 3133 493 3195 τῆς
519 3129 669 3197 περιβολῆς
698 3121 777 3189 ἐντός
795 3124 821 3178 A
857 3123 872 3177 δ
898 3119 975 3186 ἐντὸς
997 3129 1048 3190 τῆς

45 3197 105 3250 τῶ
190 3201 352 3267 9κεφαλῆς
369 3196 395 3250 Α
431 3205 541 3268 σφαγῆς
563 3198 610 3251 Ba
650 3201 776 3268 κεφαλῆς
800 3193 979 3265 superscript.
1000 3193 1047 3246 Bb

48 3271 72 3318 12
88 3266 137 3338 ήδη
154 3268 224 3341 παρ’
247 3264 350 3340 ἐτέρων
368 3267 420 3337 τήν
440 3271 462 3322 Β
535 3274 568 3324 15
588 3269 690 3338 ἀφίξαι
708 3269 755 3322 Ba
829 3273 861 3320 19
881 3268 1046 3336 συνίστορας

48 3336 98 3394 θδδ.
115 3339 136 3393 Β
158 3344 162 3410 Ι
182 3341 337 3412 ἀποκρύψῃ
356 3339 379 3392 Β
416 3338 584 3410 ώπόκρνψαι
602 3339 628 3392 R
718 3344 752 3393 25
772 3336 856 3393 ἕνεκα
874 3335 985 3408 γένους]
1006 3334 1048 3399 είς

48 3407 164 3480 τὸγένος
186 3430 209 3468 ο.
229 3414 332 3468 Garrer
350 3411 415 3465 Obs.
435 3428 462 3480 p.
482 3416 514 3465 51
542 3415 546 3480 Ι
572 3409 662 3482 ὄνομα
684 3411 814 3472 Μούκιος
836 3425 859 3466 ο.
885 3408 957 3464 Smit
976 3408 1046 3463 Obs.

48 3488 109 3544 p.17
127 3483 160 3539 of.
179 3484 223 3538 Fr.
242 3483 342 3552 Krebs,
361 3482 690 3553 Praepositionsadverb.
704 3482 731 3536 H
748 3500 776 3551 p.
791 3485 826 3535 25

835 3569 888 3624 12*
