2384 3902
471 231 631 283 -ς-
997 231 1061 296 267

47 390 117 464 τίος
138 385 314 477 Ὀκταουΐῳ
338 393 514 477 Μαμιλίῳ,
542 393 580 456 τὸ
605 388 642 456 δὲ
666 391 776 470 δεξιὸν
802 396 899 470 Τίτος
923 392 1063 478 Οὐεργί-

46 517 120 571 νιος
133 493 152 560 δ
167 494 291 572 ῦτατος
306 493 417 584 Σέξτῳ
431 499 606 584 Ταρκυνίῳ
622 497 738 562 στάσιν
753 497 908 564 ἐναντίαν
923 496 1061 584 ἐπέχων·

46 600 85 664 τά
109 595 148 666 δέ
171 598 254 685 μέσα
272 609 330 684 τῆς
349 602 519 687 φάλαγγος
537 603 637 681 αὐτὸς
655 604 674 670 ὁ
694 605 856 689 δικτάτωρ
873 607 1063 689 Ποστόμιος

48 706 228 792 ἐξεπλήρου
246 709 332 796 Τίτῳ
350 711 525 797 Ταρκυνίῳ
549 707 606 775 καὶ
627 723 698 787 τοῖς
720 708 795 795 περὶ
813 710 916 777 αὐτὸν
935 710 1061 795 φυγάσι

47 816 210 899 χωρήσων
236 813 350 898 ὁμόσε·
391 820 521 898 πλῆθος
549 814 587 881 δὲ
614 825 672 900 τῆς
700 817 933 900 συνελθούσης
961 815 1087 881 δυνά-ι

46 945 131 1004 μεως
164 922 212 998 είς
242 921 304 1004 τὴν
322 921 520 1008 ’παράταξιν
547 918 606 1007 ἀφ’
634 920 791 1008 ἑκατέρου
819 923 1062 1008 στρατεύματος

44 1023 86 1111 ἦν
103 1023 276 1111 Ῥωμαίων
298 1023 359 1112 μὲν
382 1026 437 1093 ἐπὶ
454 1029 643 1114 δισμυρίοις
660 1051 695 1093 τε
713 1026 770 1093 καὶ
791 1031 1062 1114 τετρακισχιλίοις

43 1131 133 1213 πεζοὶ
162 1136 363 1219 τριακοσίων
386 1132 533 1218 δέοντες,
565 1137 667 1220 χίλιοι
691 1131 721 1199 δ’
745 1135 867 1211 ίκιτεϊς·
903 1137 1061 1200 Λατίνων

44 1238 79 1305 δὲ
107 1241 175 1306 σὺν
202 1250 273 1317 τοις
300 1240 484 1324 συμμάχοις
511 1240 779 1326 τετρακισμύριοι
806 1242 948 1326 μάλιστα
968 1238 1061 1319 πεζοὶ

42 1344 94 1412 καὶ
118 1349 299 1431 τρισχίλιοι
321 1346 438 1422 ίκτιεϊς.
1075 1369 1101 1409 ιο

3 1461 42 1510 19
108 1452 167 1517 VI.
197 1449 253 1528 Ὡς
283 1447 314 1516 δ’
341 1453 388 1528 είς
417 1461 528 1537 χεῖρας
556 1451 649 1534 ἥξειν
679 1454 834 1536 έμελλον,
865 1451 960 1517 οἵτε
991 1463 1059 1517 τῶν

44 1561 201 1623 Λατίνων
242 1555 420 1642 στρατηγοὶ
461 1555 724 1639 συγκαλέσαντες
761 1559 841 1633 τοὺς
877 1555 1060 1642 σφετέρους

43 1665 149 1729 πολλὰ
173 1664 220 1740 είς
242 1664 280 1729 τὸ
300 1661 458 1748 άνδρεῑον
477 1661 632 1746 ἐπαγωγὰ
649 1661 706 1728 καὶ
725 1664 854 1747 δεήσεις
873 1673 941 1729 τῶν
961 1681 1059 1750 στρα-

42 1780 170 1834 τιωτῶν
194 1770 321 1854 μακράς
344 1767 533 1852 διεξῆλθον,
557 1769 575 1834 ὅ
599 1792 634 1834 τε
647 1766 806 1855 Ῥωμαῖος
826 1769 1060 1856 ὀρρωδοῦντας

42 1876 130 1960 ὁρῶν
154 1877 236 1952 τοὺς
259 1874 455 1959 σφετέρους,
486 1875 537 1940 ὅτι
560 1878 683 1960 πλήθει
707 1879 922 1942 συνοίσονται
944 1886 1057 1965 μακρῷ
1074 1897 1100 1940 ιε

43 1983 228 2068 προῦχοντι
249 1990 310 2048 τοῦ
333 1979 513 2066 σφετέρου,
538 1979 709 2060 ἐξελέσθαι
731 1983 769 2046 τὸ
793 1979 869 2059 δέος
892 1982 1002 2048 αὐτῶν
1026 1983 1062 2049 ἐκ

43 2099 98 2172 τῆς
132 2091 285 2165 διανοίας
314 2089 519 2172 βουλόμενος
547 2087 767 2153 συνεκάλεσεν
795 2089 842 2166 είς
870 2087 1060 2171 ἐκκλησίαν·

44 2194 97 2259 καί
126 2193 425 2278 παραστησάμενος
453 2195 533 2270 τοὺς
561 2195 810 2277 πρεσβυτάτους
839 2203 906 2258 τῶν
934 2193 971 2259 έκ
998 2203 1059 2259 τοῦ

42 2305 261 2385 βουλευτικοῦ
288 2301 469 2385 συνεδρίου
496 2298 551 2365 καὶ
578 2301 798 2385 τιμιωτάτους
820 2299 909 2378 ἔλεξε
932 2299 1058 2366 τοιάδε

43 2405 119 2473 Θεοί
149 2402 212 2491 μν
191 2404 318 2490 νὴμίν
344 2406 585 2490 ὑπισχνοῦνται
616 2401 660 2472 δι’
682 2408 814 2471 οἰωνῶν
836 2426 872 2471 τε
894 2404 950 2472 καὶ
972 2389 1093 2490 σφα-2

42 2516 124 2595 γίων
162 2511 218 2578 καὶ
249 2521 307 2596 τῆς
340 2513 442 2595 ἄλλης
473 2521 630 2596 μαντικῆς
662 2512 860 2598 ἐλευθερίαν
891 2520 931 2597 τῇ
963 2515 1058 2579 πόλει

41 2617 198 2704 καρέξειν
220 2615 276 2682 καὶ
297 2619 397 2699 νίκην
415 2616 547 2701 εὐτυχῆ,
570 2617 710 2702 ἀμοιβάς
727 2639 763 2682 τε
780 2617 862 2703 ἡμῖν
879 2617 1059 2684 άκοδιδόν-

41 2747 93 2801 τες
121 2723 269 2807 ἀγαθάς,
296 2719 375 2788 ἀνθ’
402 2716 450 2788 ὧν
475 2722 597 2799 αὐτοὺς
625 2722 780 2807 σέβοντες
801 2722 858 2790 καὶ
879 2728 919 2790 τά
948 2727 1059 2792 δίκαια

44 2829 224 2906 ἀσκοῦντες
247 2828 284 2894 έν
307 2826 403 2894 τιαντὶ
428 2836 473 2917 τῳ
497 2831 559 2916 βίῳ
585 2828 705 2914 [ἡμῶν]
731 2830 975 2916 διετελέσαμεν,
1003 2831 1059 2898 καὶ

44 2947 112 3013 τοῖς
130 2934 266 3020 ἐχθροῖς
284 2933 379 3020 ἡμῶν
397 2947 600 3020 νεμεσῶντες
618 2937 751 3001 κατὰτὸ
766 2938 863 3019 είκός,
882 2937 933 3003 ὅτι
951 2941 1057 3004 κολλά
1071 2957 1096 2998 ει
1160 3011 1163 3016 ¹

44 3040 97 3107 καὶ
121 3041 247 3126 μεγάλα
269 3042 515 3118 πεπονθότες“
497 3066 546 3127 υφ
549 3039 675 3125 ’ἡμῶν
698 3041 810 3125 άγαθά
834 3055 1006 3127 συγγενεῖς
1024 3067 1059 3111 τε
1126 3023 1158 3078 Τ

1072 2463 1099 2503 θθ

116 3195 232 3253 1Ὀκτα
233 3216 267 3252 ον
269 3199 302 3270 ίῳ
316 3201 389 3267 Μαμ
390 3199 449 3271 λιίῳ
465 3200 533 3252 etv.
548 3195 677 3270 2Σέξτῳ
692 3196 723 3250 in
737 3197 866 3252 omnibus
881 3198 962 3252 libris
977 3198 1058 3254 sedes

45 3270 197 3335 mutarunt,
218 3285 287 3323 corr.
265 3219 438 3338 rSylburg
488 3252 694 3330 θέναντίοςΑ
731 3264 762 3322 έν
764 3271 847 3322 ααντί
828 3289 865 3324 αν
883 3270 909 3322 R
964 3277 1059 3325 7161·-

45 3337 87 3391 bis
109 3357 141 3393 τε
160 3359 196 3393 κα
177 3287 345 3393 άλδεΙελὶεγ
347 3358 431 3408 τετρα
412 3357 494 3409 ιιχκισ
496 3340 561 3393 ίλιοι
580 3354 602 3396 ο.
621 3338 760 3393 Bflcheler
856 3345 889 3394 12
908 3360 958 3395 τον
960 3341 1059 3410 σφετέ-

45 3427 95 3532 gog,
79 3409 153 3471 νςΒ
224 3415 259 3464 24
277 3410 355 3480 ἡμῶν
380 3359 433 3465 del.
453 3359 597 3477 Kiessling
669 3417 702 3464 26
722 3411 778 3480 άγα
779 3409 833 3481 θδι]
859 3408 890 3465 εὖ
914 3428 936 3468 c
957 3411 1059 3467 Garrer

90 3497 110 3534 s.
129 3497 157 3548 p.
171 3486 205 3534 25
