2400 3912
457 218 621 268 -Δ-
1004 216 1047 281 29

55 377 100 452 τὰς
117 377 251 460 κτήσεις,
275 376 313 442 ἐν
336 368 389 453 αἷς
412 376 430 441 ὁ
453 377 527 460 βίος
547 375 658 440 αὐτῶν
676 371 732 460 ήν·
764 375 820 442 καὶ
839 377 937 443 ὁπότε
955 380 1049 463 χρεία

54 481 161 565 γένοιτο
184 479 239 547 έπί
261 484 302 548 τὰ
325 482 411 548 ὅπλα
433 485 512 559 τοὺς
534 483 676 567 χωρίτας
697 487 811 548 καλεῖν
833 483 854 568 ή
873 484 1049 569 χρημάτων

54 590 190 673 είσφορδς
221 585 294 652 κατ’
326 587 434 672 όίνδρα
466 584 629 671 ἐκλέγειν,
662 583 756 652 οὗτοι
783 589 825 654 τοί
851 612 887 654 τε
913 590 1048 675 σώματα

54 702 181 778 συνῆγον
204 692 261 758 καὶ
284 695 325 758 τδι
342 695 492 778 χρήματα
511 692 733 779 εἰσέπραττον.
770 693 826 759 ἵνα
844 689 882 758 δέ
899 693 955 760 καὶ
972 697 1048 760 τού-

16 809 109 866 675τωυ
130 802 151 885 ή
174 802 310 884 πληθύς
332 800 377 884 μή
401 799 614 886 δυσεύρετος,
642 794 715 865 ἀλλ’
736 800 927 883 εὐλόγιστος
948 792 970 886 ή
992 800 1075 866 καὶὸ

52 907 176 992 φανεροί,
210 906 346 990 βωμούς
378 902 550 970 ἐκέλευσεν
582 905 696 982 αὐτοῖς
726 905 929 990 ἱδρύσασθαι
956 912 1048 972 θεῶν

52 1012 220 1080 ἐπισκόπων
242 1036 278 1078 τε
300 1010 358 1077 καὶ
380 1011 542 1096 φυλιίκων
565 1021 626 1077 τοῦ
648 1013 768 1095 πάγον,
792 1011 851 1090 οὓς
873 1012 964 1092 ἔταξε
987 1017 1048 1076 θυ-

51 1123 118 1196 σίαις
150 1128 280 1194 κοιναῖς
310 1119 479 1204 γεραίρειν
507 1113 585 1182 καθ’
630 1116 769 1182 ἕκαστον
801 1116 956 1184 ἐνιαυτὸν
982 1119 1049 1203 ἅμα

52 1223 314 1312 συνερχομένους,
343 1221 462 1310 ἑορτήν
486 1246 562 1288 τινα
584 1222 640 1288 καὶ
662 1225 786 1306 ταύτην
809 1223 847 1290 έν
868 1235 939 1302 τοῖς
960 1223 1048 1288 πάνυ

49 1335 145 1415 τιμίαν
167 1330 468 1414 καταστησόμενος,
491 1331 532 1394 τὰ
554 1330 744 1413 καλούμενα
763 1331 971 1412 Παγανάλια·
993 1329 1049 1394 καὶ
1064 1349 1089 1388 1⁰

50 1440 157 1522 νόμους
179 1435 265 1523 ὑπὲρ
287 1447 356 1502 τῶν
380 1436 480 1521 ίερῶν
501 1437 642 1519 τούτων,
667 1435 726 1512 οὓς
749 1438 797 1501 ἔτι
821 1436 876 1501 διὰ
899 1441 1049 1520 φυλακῆς

50 1543 146 1626 ἔχουσι
163 1541 330 1628 Ῥωμαῖοι,
354 1541 574 1628 συνέγραψεν.
614 1544 661 1618 είς
684 1538 721 1607 δὲ
743 1543 804 1624 τήν
823 1545 950 1606 θυσίαν
971 1541 1085 1606 ταύ-4

50 1669 97 1731 την
114 1647 168 1716 καὶ
186 1651 249 1732 τήν
268 1649 416 1714 σύνοδον
436 1648 582 1724 ἅπαντας
601 1646 753 1712 ἐκέλευσε
765 1650 845 1724 τοὺς
858 1646 1050 1732 ὁμοπάγους

49 1756 115 1820 κατὰ
149 1756 300 1840 κεφαλήν
337 1752 525 1840 ὡρισμένον
561 1755 708 1838 νόμισμά
739 1775 772 1818 τι
804 1751 1048 1838 συνεισφέρειν,

50 1857 148 1945 ἕτερον
171 1859 234 1944 μέν
256 1882 288 1924 τι
305 1861 386 1936 τοὺς
404 1859 540 1944 ἄνδρας,
565 1857 679 1944 ἕτερον
699 1856 739 1924 δέ
754 1880 785 1924 τι
803 1860 860 1935 τὰς
877 1869 1047 1941 γυναῖκας,
1063 1875 1089 1915 1⁵

49 1965 117 2030 ἄλλο
148 1965 187 2030 δέ
217 1989 249 2030 τι
280 1968 359 2042 τοὺς
392 1964 546 2048 ἀνήβους.
593 1961 627 2041 ἐξ
661 1959 702 2029 οὗ
735 1963 1050 2049 συναριθμηθέντος
1082 1999 1084 2004 ·

50 2070 102 2135 ὑπὸ
127 2082 194 2136 τῶν
218 2070 451 2156 ἐφεστηκότων
473 2079 544 2146 τοῖς
568 2071 669 2156 ίεροῑς
692 2072 838 2156 φανερὸς
861 2070 879 2134 ὁ
902 2079 969 2135 τῶν
993 2070 1050 2134 ιἰν-

48 2178 181 2262 θρύπων
210 2177 355 2263 ἀριθμὸς
383 2175 510 2258 έγίνετο
534 2176 617 2240 κατὰ
639 2173 720 2259 γένη
743 2198 779 2240 τε
800 2174 857 2240 καί
878 2171 958 2241 καθ’
978 2176 1049 2258 ήλί-

48 2285 116 2360 κίας.
152 2285 197 2360 ὡς
222 2279 259 2348 δέ
282 2285 418 2348 Πείσων
441 2283 584 2357 Λεύκιος
607 2281 645 2346 έν
662 2289 702 2365 τη
721 2282 834 2366 πρώτη
852 2292 919 2346 τῶν
938 2279 1085 2346 ένιαυ-5

48 2391 118 2454 σίων
136 2389 343 2474 ἀναγραφῶν
362 2389 497 2472 ίστορεί,
516 2389 721 2472 βουλόμενος
738 2385 795 2452 καί
812 2397 879 2452 τῶν
899 2387 936 2453 έν
957 2388 1049 2451 ύστει
1063 2405 1089 2444 20

49 2494 276 2582 διατριβόντων
298 2496 336 2560 τὸ
360 2499 491 2577 πλῆθος
514 2491 654 2577 εἰδέναι,
682 2503 750 2559 τῶν
772 2516 807 2558 τε
829 2491 1049 2578 γεννωμένων

47 2601 92 2662 καί
115 2610 182 2666 τῶν
212 2599 467 2684 ἀπογινομένων
494 2597 550 2664 καί
577 2609 645 2665 τῶν
668 2600 715 2676 είς
737 2600 863 2685 ἄνδρας
886 2599 1050 2686 ἐγγραφο-

47 2704 160 2790 μένων,
199 2705 312 2785 ἔταξεν
345 2707 427 2772 ὅσον
460 2707 528 2770 ἔδει
562 2707 708 2790 νόμισμα
739 2704 938 2791 καταφέρειν
966 2703 1049 2792 ὑπέρ

14 2807 177 2876 υίυὲκυίστου
196 2815 277 2888 τοὺς
295 2814 539 2898 προσήκοντας,
559 2813 606 2887 είς
623 2808 685 2896 μὲν
703 2812 763 2875 τὸν
782 2821 840 2895 τῆς
853 2814 1050 2889 Εἰλειθυίας

46 2921 221 3004 θησαυρόν,
237 2919 281 3002 ἣν
291 2915 444 3003 Ῥωμαῖοι
458 2923 620 2983 καλοῦσιν
631 2915 741 3002 Ἥραν
755 2921 951 3004 φωσφόρον,
965 2915 1049 3004 ὑπὲρ
1064 2933 1089 2974 ²⁵

46 3035 103 3089 τῶν
123 3023 360 3110 γεννωμένων·
394 3027 441 3101 είς
464 3021 501 3089 δέ
524 3025 584 3090 τὸν
606 3032 664 3108 τῆς
679 3020 876 3109 Ἀφροδίτης
895 3025 994 3107 <τής>
1013 3023 1050 3088 έν

46 3129 127 3196 ίίλσει
163 3129 430 3217 καθιδρυμένης,
468 3131 511 3213 ήν
541 3131 829 3218 προσαγορεύουσι
861 3133 1049 3215 Λιβιτίνην,

108 3250 267 3377 1χρε<έ1>α
286 3252 332 3305 Bb
392 3252 571 3321 5ήωδδ.Β
628 3248 694 3307 θέν
713 3258 775 3315 ταῖς
794 3251 817 3305 Ο
836 3267 904 3306 corr.
925 3251 1049 3306 Sintenis

46 3319 97 3376 Em.
118 3323 199 3378 Dion.
235 3326 294 3378 [32
386 3330 420 3378 13
439 3322 597 3394 δμοπιίλους
615 3324 640 3376 A
732 3328 767 3377 26
790 3329 839 3392 της
863 3322 927 3378 add.
953 3322 1050 3378 Kiess-

46 3389 98 3462 ling
168 3401 202 3449 27
222 3394 462 3465 προσαγορεύουσι
477 3439 483 3449 .
498 3397 657 3468 νυΐιβιτίυηυ
675 3394 698 3446 Β
734 3395 990 3465 προσαγορεύουσιν
1009 3397 1051 3468 βι-

47 3463 116 3532 τίνην
133 3466 158 3518 R
174 3469 178 3536 Ι
195 3463 450 3539 ἀπογ<ι>υομένων
469 3465 492 3517 Β
528 3465 744 3535 ἀπογενομένων
764 3482 786 3522 ο.
802 3464 891 3520 Cobet
900 3466 966 3523 Oba.
976 3485 1003 3536 p.
1017 3473 1049 3520 79
