2400 3912
456 223 621 272 -Δ-
1004 216 1048 284 53

56 378 278 466 μεταπέμπεταί
297 377 329 447 τ’
355 382 459 449 αὐτὸν
482 381 527 460 ὡς
550 379 634 468 ὑπὲρ
657 381 841 465 ἀναγκαίου
858 383 1050 469 πράγματος

55 485 264 573 διαλεξομένη,
933 555 938 564 ,

104 593 268 662 XXVIIII.
302 595 357 662 καλ
385 596 499 681 ἐπειδὴ
525 595 740 684 παρεγένετο,
772 605 971 683 μεταστῆναι
997 619 1049 662 κε-

53 701 178 767 λεύσασα
201 704 281 780 τοὺς
304 703 416 786 ὄνθον,
440 703 497 768 ἵνα
515 705 601 788 μόνη
621 704 811 787 διαλεχθείη
830 704 913 787 πρὸς
931 704 1047 788 μόνον,

50 797 112 892 Ἆρ’,
137 810 274 893 ἔφησεν,
299 805 325 874 ὦ
352 811 528 896 Ταρκύνιε,
552 811 633 894 μετὰ
655 812 840 896 παρρησίας
863 808 972 888 ἒξεστί
990 833 1081 896 μοις

51 910 92 976 καί
116 911 304 993 ἀκινδύνως
331 915 462 982 ἅπαντα
489 917 609 998 εἰπεῖν,
642 915 705 981 ὅσα
732 926 850 1001 φρονῶ
879 912 954 1001 περὶ
980 925 1048 981 τῶν

52 1027 129 1104 κοινῇ
154 1024 409 1107 συμφερόντων,
432 1018 488 1087 καλ
509 1020 661 1100 καθέξεις
684 1020 743 1100 οὓς
766 1021 808 1088 ἂν
831 1021 976 1122 ἀκούσης
994 1024 1048 1088 λό-

51 1149 127 1208 γους;
144 1125 165 1210 ἢ
180 1136 311 1193 σιωπᾶν
326 1130 465 1213 ύμεινόυ
480 1127 553 1194 έστί
563 1151 620 1213 μοι
633 1124 689 1192 καί
703 1130 747 1213 μὴ
762 1127 879 1214 φέρειν
890 1131 937 1207 είς
946 1127 1048 1214 μέσον

49 1234 157 1314 βουλὰς
190 1232 415 1320 ἀπορρήτουςς
448 1235 667 1313 κελεύσαντος
704 1231 740 1300 θλ
767 1244 828 1301 τοῦ
859 1237 1085 1322 Ταρκυνίουθ

49 1337 153 1422 λέγειν,
177 1339 196 1404 ό
220 1362 252 1405 τι
276 1343 442 1424 βούλεται,
466 1339 522 1407 καλ
543 1339 620 1427 περὶ
643 1349 705 1407 τοῦ
719 1337 874 1419 καθέξειν
887 1340 925 1407 ἐν
940 1339 1084 1429 ἕαυτςόιο

18 1449 110 1523 λεκτοὺς
138 1448 262 1530 λόγους
288 1449 415 1524 πίστεις
442 1445 617 1524 έπνθέντος
640 1442 686 1512 δι’
707 1448 833 1532 ὅρκων,
857 1447 916 1524 οὓς
939 1445 1047 1530 ἐκείνη

49 1562 227 1638 τροηρεῖτο,
261 1549 363 1618 ούόλν
392 1556 440 1618 ἔτι
470 1555 691 1639 αἰσχυνθεῖσα
714 1551 803 1637 λέγει
825 1555 909 1639 πρὸς
931 1553 1048 1618 αὐτόν·

49 1657 144 1745 Μέχρι
171 1660 279 1742 τίνος,
309 1655 335 1724 ὦ
364 1661 542 1745 Ταρκύνιε,
570 1669 628 1745 τῆς
656 1663 825 1744 βασιλείας
848 1659 1048 1744 ἀποστερού-

49 1787 131 1847 μενος
149 1762 331 1850 ἀνέχεσθαι
351 1767 484 1850 &avom
508 1768 651 1852 πότερον
671 1764 706 1832 ἐκ
720 1777 885 1832 ταπεινῶν
899 1763 954 1830 καλ
968 1764 1048 1847 ἀσή-

48 1895 106 1953 μων
137 1873 222 1956 ἔφυς
253 1873 433 1958 προγόνων
464 1869 519 1938 καί
552 1873 609 1937 διὰ
640 1871 731 1938 τοῦτ’
767 1873 828 1939 ούκ
861 1873 964 1950 ἀξιοῖς
996 1869 1048 1936 ἐπὶ
1059 1901 1085 1941 15

48 1985 159 2066 σεαυτῷ
189 1976 273 2062 μέγα
301 1988 457 2064 φρονείν;
491 1978 574 2044 ἀλλὰ
602 1980 723 2056 πάντες
751 1984 878 2062 ίσασιν,
906 1979 957 2044 ὅτι
979 1988 1049 2054 τοῖς

47 2080 96 2166 μέν
122 2085 274 2170 ἀρχαίοις
301 2085 397 2170 ὑμῶν
424 2088 606 2170 προγόνοις
624 2083 783 2169 Ἕλλησιν
811 2080 887 2150 οὖσι
909 2083 964 2149 καλ
987 2078 1045 2169 ἀφ’

43 2183 232 2275 Ἡρακλέους
259 2194 416 2275 γεγονόσι
443 2200 501 2275 τῆς
531 2190 730 2275 εὐδαίμονος
753 2190 849 2279 ύρξαι
871 2192 1048 2279 Κορίνθου

46 2298 95 2379 τὴν
113 2298 343 2384 αὐτοκράτορα
357 2296 504 2384 ύπηρξεν
517 2297 624 2384 ἀρχὴν
638 2295 691 2363 ἐπὶ
704 2297 842 2380 πολλός,
866 2298 911 2374 ὡς
925 2296 1047 2380 ἀκούω,

46 2406 158 2484 γενεάς·
195 2414 242 2492 τῶ
267 2401 306 2470 θλ
328 2404 450 2492 πολπττφ
474 2419 538 2470 σου
556 2407 731 2493 Ταρκυνίῳ
754 2402 967 2490 μεταθεμένῳ
986 2404 1083 2486 τηνεο

46 2515 163 2594 οἴκησιν
190 2512 226 2578 έκ
254 2515 441 2597 Τυρρηνῶν
466 2510 588 2595 ταύτης
616 2515 811 2594 βασιλεῦσαι
838 2518 895 2594 τῆς
922 2512 1048 2587 πόλεως

46 2614 196 2701 ἐξεγένετο
230 2615 276 2683 δι’
298 2617 434 2702 ἀρετήν·
467 2612 508 2682 οὗ
540 2620 583 2684 σὺ
614 2620 836 2703 κληρονομεῖν
869 2616 910 2682 ού
942 2619 1048 2701 μόνον

45 2733 100 2788 τῶν
125 2725 319 2810 χρημάτων,
347 2723 431 2789 ἀλλὰ
453 2720 509 2788 καὶ
531 2731 590 2808 τῆς
611 2725 780 2806 βασιλείας
803 2722 948 2807 ὀφείλεις
970 2745 1048 2809 πρε-

46 2831 191 2916 σβύτερος
219 2831 344 2909 υἱωνὸς
368 2831 424 2895 ῶν.
469 2829 491 2912 ἣ
519 2831 670 2914 σώματος
698 2830 760 2895 οὐκ
787 2833 900 2915 ἔτυχες
930 2828 1082 2895 λκανοῦ3

45 2937 202 3022 πράττειν,
231 2937 294 3004 όσα
322 2941 457 3021 βασιλεῖ
476 2945 635 3024 προσῆκε,
665 2933 709 3002 δι’
731 2935 912 3003 ἀσθένειάν
934 2960 969 3002 τε
991 2934 1083 3003 καλεε

16 3038 216 3130 ιιλάμορφίανς
250 3044 334 3110 ἀλλὰ
361 3045 419 3110 σοί
443 3041 559 3128 γεκαὶ
582 3043 674 3130 ῥώμη
702 3044 871 3131 πάρεστιν,
901 3043 955 3108 οἵα
977 3054 1047 3122 τοῖς

106 3277 136 3328 12
154 3277 306 3344 προηγεῖτο
321 3288 344 3326 ο.
358 3271 473 3326 Κδεῖλίο
487 3269 652 3342 Philologus
666 3272 733 3325 tom.
747 3269 864 3326 XXXIV
877 3287 904 3340 p.
916 3275 967 3326 756
1013 3277 1047 3326 13

47 3339 253 3413 ἂποστερόμενος
272 3342 362 3398 Cobet
380 3341 446 3397 obs.
465 3359 492 3412 p.
507 3348 541 3397 83
609 3347 643 3397 25
662 3348 802 3413 προσῆκε.
820 3341 843 3394 Β
867 3343 972 3396 accent.
993 3341 1046 3396 cir-

47 3412 155 3469 cumflex.
181 3415 246 3469 add.
270 3414 318 3470 Bb
354 3413 491 3483 προσήκει
514 3412 658 3482 Kiessling
747 3419 781 3467 26
803 3411 938 3482 πύρεστιύ
962 3410 1046 3484 λκανὴ

48 3482 85 3533 ολοι
102 3483 122 3539 0
140 3488 253 3555 praeter
270 3484 293 3538 B
330 3486 472 3556 περίεστιν
491 3500 514 3539 ο.
535 3481 658 3538 Sintenis
676 3482 736 3537 Em.
755 3483 837 3541 Dion.
855 3483 882 3537 II
902 3487 934 3538 15
983 3531 989 3548 ,
