2384 3902
569 179 730 230 ..ς-

141 361 176 403 τε
205 339 270 421 ἤδη
302 337 432 421 ἐγένετο
462 337 517 404 καὶ
544 341 623 416 τοὺς
650 342 832 425 πολεμίους
858 342 985 423 ἔμαθεν
1013 339 1159 417 ἀτάκτως

34 439 37 514 ἶ
141 446 426 529 προνομεύοντας,
457 446 586 525 ἀνοῖξαι
613 448 771 524 κελεύσας
793 447 937 524 πυλίδας
960 446 995 511 έκ
1018 455 1081 512 τοῦ
1106 448 1158 530 χά·

142 575 243 636 ρακος
265 551 395 635 ἀδήλως
414 554 549 637 συχνάς,
572 546 631 637 ἀφ’
649 551 725 629 ἑνὸς
743 550 1016 637 παραγγέλματος
1035 552 1156 637 ἐφῆκεν

141 655 191 723 ἐπ’
214 658 337 735 αὐτοὺς
366 658 403 723 τὸ
432 659 626 744 στράτευμα.
668 657 861 736 ἐξαπιναίου
889 655 927 723 δὲ
954 666 1016 725 τοῦ
1044 660 1157 723 δεινοῦ

115 762 197 830 ικαὶ
224 766 314 848 παρὰ
341 765 443 845 δόξαν
470 775 540 842 τοῖς
564 765 792 842 Οὐολούσκοις
819 767 1071 850 προσπεσόντος
1094 765 1154 829 ὀλί-

140 895 196 954 γοι
223 869 285 955 μέν
310 894 400 949 τινες
426 872 629 949 ὑποστάντες
656 873 740 958 πρὸς
761 878 807 959 τῷ
830 871 951 956 χάρακι
976 873 1155 955 μαχόμενοι

141 980 383 1061 κατεκόπησαν·
412 979 447 1044 οί
467 973 499 1043 δ’
520 980 616 1044 ἀλλοι
640 979 822 1062 φεύγοντες
845 977 1089 1064 προτροπάδην
1106 976 1153 1042 καὶ

140 1087 285 1162 πολλοὺς
311 1095 378 1150 τῶν
406 1083 577 1170 σφετέρων
600 1083 820 1162 ἀπολέσαντες
842 1087 1041 1168 τραυματίαι
1067 1107 1102 1149 τε
1126 1085 1155 1148 οί

140 1195 288 1256 πλεῖστοι
319 1189 375 1256 καὶ
405 1192 447 1256 τά
479 1191 564 1256 ὅπλα
594 1190 840 1268 ἀπολωλεκότες
868 1193 915 1268 είς
942 1192 1002 1255 τὸν
1029 1191 1151 1276 χάρακα

101 1276 351 1390 ἷξόιεσώζοντο.
389 1295 560 1382 ἑπομένων
586 1292 617 1362 δ’
639 1297 753 1375 αὐτοῖς
774 1307 842 1363 τῶν
854 1293 1028 1381 Ῥωμαίων
1046 1296 1088 1362 ’ἐκ
1104 1319 1150 1361 πο

142 1404 201 1481 δὸς
232 1401 288 1470 καὶ
319 1408 546 1490 περισχόντων
578 1407 615 1470 τὸ
649 1406 890 1489 στρατόπεδον,
925 1405 1059 1488 βραχύν
1086 1427 1149 1468 τινα

140 1512 267 1596 χρόνον
286 1509 493 1594 ἀμυνάμενοι
511 1509 704 1595 παρέδοσαν
722 1513 782 1576 τὸν
799 1511 928 1596 χάρακα
947 1515 1085 1575 πολλῶν
1102 1509 1148 1574 ἀν-

141 1617 321 1700 δραπόδων
348 1639 383 1682 τε
411 1614 467 1682 καὶ
491 1615 790 1701 βοσκημάτωνκαὶ
814 1617 928 1683 ὅπλων
951 1613 1008 1681 καὶ
1030 1625 1091 1700 τῆς
1110 1617 1148 1691 είς

140 1723 200 1786 τὸν
230 1725 377 1808 πόλεμον
407 1732 617 1809 παρασκευῆς
646 1721 799 1808 γέμοντα.
846 1723 931 1789 ἑάλω
960 1719 999 1787 δὲ
1023 1723 1147 1807 σώματα

101 1845 127 1886 1⁵
141 1826 304 1913 ἐλεύθερα
332 1830 453 1914 συχνά,
485 1831 526 1895 τά
553 1826 614 1914 μέν
642 1829 753 1895 αὐτῶν
768 1803 1024 1913 ’οὐολούσκων,
1053 1831 1093 1894 τά
1116 1823 1184 1891 δὲόό

139 1943 208 1998 τῶν
231 1933 344 2010 αὐτοῖς
367 1933 695 2021 συναγωνισαμένων
719 1935 848 2020 ἐθνῶν,
872 1936 1022 2022 χρήματά
1046 1932 1145 2000 τεκαὶ
1182 1913 1184 1998 ό

140 2039 202 2104 ὅσα
230 2041 354 2124 χρυσὸς
380 2039 435 2106 καί
462 2044 608 2130 άργυρος
636 2039 692 2107 καὶ
720 2042 825 2126 ἐσθὴς
851 2042 1007 2128 ὡσπερὰν
1032 2044 1144 2116 πόλεως
1180 2023 1182 2101 J

139 2155 197 2229 τῆς
219 2150 397 2233 κρατίστης
419 2147 566 2232 ἀλούσης
587 2149 677 2214 πάνυ
700 2149 820 2215 πολλά·
847 2158 918 2225 τοῖς
941 2148 1142 2233 στρατιώταις
1178 2125 1180 2203 J

138 2249 231 2317 ταῦτ’
253 2251 359 2337 ἐφιεὶς
385 2253 404 2318 ὁ
428 2258 626 2340 Σερουίλιος
653 2255 698 2332 ὡς
725 2253 861 2330 ἕκαστος
885 2253 1078 2340 ὠφεληθείη
1098 2249 1140 2317 καί
1176 2233 1178 2308 ί

100 2378 127 2418 εο
140 2355 246 2443 μηδὲν
274 2360 322 2436 είς
349 2361 386 2424 τὸ
415 2361 578 2445 δημόσιον
606 2359 815 2447 ἀναφέρουσι
843 2361 1081 2445 διανείμασθαι
1101 2382 1139 2423 κε-

140 2466 260 2542 λεύσας
282 2463 337 2530 καί
360 2469 420 2532 τὸν
442 2470 577 2554 χάρακα·
592 2465 674 2552 πυρί
698 2468 789 2550 δούς,
816 2466 995 2551 ἀναλαβὼν
1018 2470 1074 2544 τάς
1094 2468 1137 2530 δυ-

139 2572 253 2656 νάμεις
275 2567 356 2654 ἦγεν
375 2570 428 2637 ἐπὶ
446 2574 508 2657 τὴν
524 2573 693 2659 ἀγχοτάτω
709 2572 886 2640 Σουέσσαν
901 2575 1136 2658 Πωμεντιανήν.

212 2793 281 2853 6ου
300 2799 364 2872 νδις]
383 2799 725 2872 πυκνάςΒΙάφῆκενΒ
789 2807 853 2856 8τε
872 2802 969 2856 om.B
1032 2801 1135 2868 12άμυ

138 2867 254 2940 νόμενοι
273 2819 298 2925 (ἀ
315 2887 384 2926 corr.
404 2871 508 2926 Reiske
577 2878 611 2927 14
630 2867 701 2926 ἑάλω
721 2869 753 2927 δὲ
773 2872 928 2942 σώματαΒ
965 2867 1036 2928 ἑάλω
1054 2868 1082 2926 δὲ
1098 2867 1134 2924 καί

139 2959 162 2996 ο.
182 2942 208 2995 R
273 2949 305 2997 16
324 2941 452 3012 χρήματά
470 2963 499 2998 τε
517 2943 609 2998 καὶΟ
646 2964 687 3014 γρ.
707 2940 740 2998 δὲ
759 2942 808 2997 καὶ
825 2943 970 3014 Kiessling
1035 2949 1067 2996 17
1084 2939 1133 3008 ὅσα]

139 3010 186 3066 οία
210 3031 232 3066 ο,
259 3012 384 3068 Schenkl
406 3013 539 3068 Bursiani
560 3015 632 3070 Ann.
656 3014 756 3069 Litter.
779 3013 950 3069 breviarium
968 3031 997 3084 p.
1011 3021 1045 3070 36
1109 3017 1132 3064 19

139 3082 218 3137 ταῦτ’
236 3083 259 3137 Ο
286 3082 372 3139 πάντ’
389 3101 412 3138 ο.
431 3085 576 3156 Kiessling
592 3088 596 3156 Ι
613 3081 740 3156 έφιεὶςΟ
769 3080 847 3155 έφεὶς
860 3101 883 3141 ο.
898 3084 1042 3154 Kiessling
1055 3084 1063 3166 Ι
1074 3083 1131 3151 ὠφε-

139 3155 241 3221 ληθείη
261 3154 283 3207 Ο
321 3155 457 3225 ὠφεληθῇ
480 3173 503 3213 ο.
522 3157 631 3228 Kayser
648 3157 721 3212 Ann.
739 3156 810 3226 phil.
831 3163 899 3212 1666
918 3175 945 3226 p.
960 3163 995 3211 43
1018 3173 1065 3225 qm
1085 3156 1130 3207 δια-

139 3224 294 3292 νείμασθαι
321 3226 454 3289 κελεύσας
477 3227 532 3282 δελ.
622 3235 657 3284 20
681 3225 893 3299 ἀναφέρωσιδ
933 3221 1129 3303 ἀναφέρουσιδ

140 3291 297 3373 ἀναφέρειν
320 3311 343 3349 ο.
362 3294 507 3366 Kiessling
532 3301 536 3365 1
562 3301 768 3370 διανείμασθαι
791 3302 858 3370 post
876 3300 1035 3371 ὠφεληθείη
1053 3306 1128 3368 posult

140 3359 284 3430 Klosshng
299 3367 303 3432 Ι
320 3362 408 3434 μηδὲν
427 3364 459 3420 δὲ
478 3367 502 3420 Α
538 3368 587 3423 καί
605 3369 695 3440 μηδὲν
713 3372 736 3424 Β
809 3377 842 3425 22
863 3374 1041 3442 Πωμεντίαν,
1063 3367 1128 3436 ἣμθ

142 3427 224 3495 γέθει
240 3451 270 3485 τε
289 3433 366 3504 [γὰρ]
387 3435 536 3508 περιβόλου
555 3440 720 3496 dubitanter
739 3460 761 3498 ο.
780 3441 926 3513 Kiessling
