2400 3912
156 203 200 270 οε
586 209 750 258 -Δ-

158 367 420 452 δυσχεραίνουσί
435 370 496 452 μοί
509 390 608 451 τινες,
631 366 670 433 αἱ
685 364 716 432 δ’
735 368 782 445 εἰς
799 368 837 433 τὸ
853 368 1031 453 δημοτικὸν
1042 371 1143 452 πλῆθος

158 473 345 560 εὐεργεσίαι
374 479 492 540 λυπεῖν
523 473 610 560 ὑμᾶς
642 476 797 558 δοκοῦσι,
831 472 906 560 περὶ
938 469 987 540 ὧν
1017 475 1143 551 πολλάκις

158 579 403 666 ἀπολελόγημαι
426 581 510 668 πρὸς
532 580 626 666 ὑμᾶς.
664 576 738 646 ἀλλ’
760 576 861 646 οὐδὲν
879 582 934 646 δελ
949 582 1072 646 τούτων
1087 579 1144 646 νυνὶ

157 697 226 753 τῶν
249 689 374 772 λόγων·
397 689 430 753 εἰ
451 683 532 772 <δέ>
552 688 647 753 δοκεῖ
661 698 813 773 κρεῖττον
831 687 1082 773 ἐπιμελήσεσθαι
1096 698 1144 752 τῶν

130 805 282 861 εκοινῶν
317 795 503 878 Ταρκύνιος
534 793 651 860 οὑτοσὶ
682 796 723 860 τά
754 795 930 882 πράγματα
961 794 1146 880 παραλαβών,

158 900 200 966 οὐ
228 907 351 985 φθονῶ
378 909 419 986 τῇ
441 902 536 966 πόλει
559 903 731 985 βελτίονος
752 901 930 986 ἡγεμόνος·
968 901 1104 978 άτοδοὺς
1121 897 1146 965 δὲ

157 1008 219 1091 τήν
247 1007 353 1094 ἀρχὴν
379 1015 425 1096 τῷ
450 1009 612 1074 δεδωκότι
634 1033 693 1093 μοι
715 1009 809 1096 δήμῳ
832 1007 888 1074 καὶ
910 1011 1086 1094 γενόμενος
1104 1009 1147 1071 ἰδι-

158 1113 244 1196 ώτης
261 1114 460 1200 πειράσομαι
478 1125 617 1200 ποιήσαι
633 1123 714 1180 πᾶσι
733 1118 894 1202 φανερόν,
917 1116 969 1181 ὅτι
987 1113 1043 1181 καὶ
1061 1115 1149 1199 άρηειν

158 1218 334 1304 ἐπίσταμαι
355 1225 465 1298 καλῶς
486 1219 543 1286 καὶ
566 1223 731 1306 ἄρχεσθαι
753 1222 899 1308 δύναμαι
922 1224 1109 1307 σωφρόνως.

120 1349 146 1390 10
226 1325 400 1394 XXXVII.¹
421 1331 566 1394 Τοιαῦτα
589 1325 778 1413 διαλεχθεὶς
799 1326 855 1394 καὶ
878 1330 925 1406 εἰς
943 1329 1073 1412 πολλὴν
1090 1327 1150 1392 αἰδῶ

156 1436 363 1518 καταστήσας
384 1436 465 1512 τοὺς
487 1433 752 1519 συνισταμένους
775 1430 825 1500 ἐπ’
847 1435 936 1524 αὐτῷ
961 1434 1092 1501 διέλυσε
1109 1435 1151 1498 τὸν

158 1541 326 1625 σύλλογον
343 1538 398 1606 καλ
417 1541 499 1625 μετὰ
516 1549 616 1606 τοῦτο
634 1543 714 1618 τοὺς
727 1544 874 1627 κήρυκας
887 1540 1153 1626 ἀνακαλεσάμενος

158 1645 309 1712 ἐκέλευσε
342 1648 398 1712 διὰ
429 1648 566 1712 πάντων
594 1657 663 1712 τῶν
695 1659 875 1714 στενωπῶν
907 1648 1090 1728 διεξιόντας
1111 1647 1152 1710 τὸν

122 1753 267 1837 2δῆμον
294 1755 342 1830 εἰς
370 1753 547 1838 ἐκκλησίαν
570 1759 760 1836 συγκαλεῖν.
799 1756 1056 1840 συνδραμόντος
1078 1751 1105 1818 δ’
1122 1754 1181 1828 α’ςῖο

120 1881 145 1922 ιι
158 1859 221 1942 τήν
244 1859 371 1944 άγυρδν
393 1869 455 1926 τοῦ
477 1860 560 1926 κατά
578 1862 668 1944 [τήν]
687 1847 787 1926 πόλιν
805 1863 908 1945 όηλον
925 1861 1103 1948 προελθὼν
1118 1855 1155 1924 ἐτὶ

157 1966 195 2030 τὸ
228 1969 316 2052 βῆμα
347 1967 479 2052 μακρὰν
509 1965 566 2032 καὶ
593 1973 754 2051 συμπαθῆ
782 1967 937 2053 διεξῆλθε
965 1969 1156 2054 δημηγορίαν

157 2073 215 2150 τάς
242 2097 277 2139 τε
304 2074 483 2158 πολεμικάς
505 2070 627 2138 ἑαυτοῦ
648 2073 783 2155 πράξεις
804 2073 1107 2159 ἐξαριθμούμενος,
1131 2071 1157 2147 άς

162 2182 352 2267 Ταρκυνίου
373 2203 410 2245 τε
434 2183 556 2258 ζῶντος
576 2179 772 2263 διεπράξατο
790 2178 847 2245 καὶ
865 2182 946 2264 μετὰ
963 2182 1030 2264 τήν
1049 2180 1158 2246 ἐκείνου

44 2317 51 2328 ·
157 2288 313 2372 τελευτήν
339 2283 396 2352 καὶ
418 2297 487 2352 τῶν
508 2287 759 2369 πολιτευμάτων
780 2283 859 2351 καθ’
881 2288 920 2351 ἓν
942 2286 1089 2354 ἕκαστον
1109 2285 1160 2351 ἐτι-

117 2416 143 2455 εο
157 2398 346 2479 λεγόμενος,
370 2393 404 2471 ἐξ
423 2387 472 2458 ὧν
488 2394 614 2468 πολλάς
630 2390 686 2456 καὶ
704 2393 848 2475 μεγάλας
866 2393 982 2471 ἔδοξεν
1001 2391 1161 2478 ἐσχηκέναι

122 2503 195 2567 3τὸ
218 2501 335 2566 κοινὸν
358 2497 530 2583 ὠφελείας.
566 2503 693 2564 πολλοῦ
716 2496 748 2563 δ’
770 2496 824 2583 ἐφ’
846 2496 973 2564 ἑκάστω
995 2511 1069 2566 τῶν
1086 2505 1162 2582 λεγο-

158 2605 270 2690 μένων
292 2605 508 2682 ἀπαντῶντος
525 2604 666 2670 ἐπαίνου
683 2601 739 2669 καὶ
757 2605 893 2670 πάντων
909 2608 1068 2690 σπονδὴν
1087 2606 1162 2692 ἐχόν·

157 2734 225 2776 των
243 2709 377 2796 μαθεῖν,
396 2714 500 2777 τίνων
518 2711 614 2776 ἕνεκα
626 2719 731 2776 ταῦτα
744 2709 844 2794 λέγει,
861 2716 1027 2778 τελευτῶν
1041 2716 1165 2798 ἔφησεν,

158 2817 209 2883 ὅτι
227 2817 413 2902 Ταρκύνιος
431 2817 534 2882 αὐτὸν
552 2819 695 2882 αἰτιᾶται
712 2816 775 2900 τήν
793 2820 967 2900 βασιλείαν
983 2820 1027 2884 οὐ
1041 2821 1166 2892 δικαίως

116 2945 143 2986 ετ
157 2923 307 3010 κατέχειν
339 2921 445 3011 ἐαυτῷ
477 2927 725 3008 προσήκουσαν·
762 2929 955 2989 καταλιπεῖν
987 2927 1055 3012 γάρ
1088 2925 1166 3010 αὐτῷ

156 3035 216 3098 τὸν
243 3031 381 3096 πάππον
408 3029 666 3112 ἀποθνήσκοντα
688 3032 755 3094 σὺν
776 3041 847 3107 τοῖς
867 3035 1013 3115 χρήμασι
1035 3029 1096 3096 καὶ
1117 3031 1168 3113 τήν

227 3266 245 3313 2
263 3264 380 3313 λυποῦσι
400 3277 434 3327 με
453 3259 479 3310 A
514 3261 614 3311 λυπεῖν
632 3276 666 3325 με
685 3256 708 3308 Β
742 3261 879 3312 λυποῦσιν
897 3259 972 3328 δμᾶς
989 3259 1040 3314 01>
1064 3263 1071 3324 Ι
1096 3259 1171 3312 *dot-

157 3329 253 3390 ιωςΟ
290 3331 406 3382 δοκοῦσι
425 3345 479 3394 ego
541 3326 605 3382 λεά
621 3326 653 3381 δὲ
672 3331 758 3382 δοκεῖ
769 3344 793 3382 α
812 3329 916 3383 Reiske
984 3337 1094 3385 8πᾱσι
1112 3328 1187 3383 εδδλ

157 3397 205 3448 Bb
222 3397 254 3448 in
270 3415 326 3449 ms.
381 3405 416 3450 15
433 3398 505 3466 *τὴν
524 3397 547 3452 Ο
565 3397 668 3453 inclusi
683 3402 688 3468 Ι
704 3402 856 3466 παρελθὼν
874 3417 897 3456 c.
916 3399 1020 3455 Gmet
1033 3401 1103 3456 obs.
1117 3404 1171 3470 μθ

196 3472 230 3519 16
248 3461 366 3532 ἐμπαθῆ
383 3468 460 3519 idem
478 3467 534 3522 Η.
592 3474 628 3522 24
647 3467 689 3522 ὅτι
706 3469 754 3522 Bb
791 3491 835 3526 ,τι
852 3471 899 3524 Ba
918 3489 974 3526 om.
993 3479 1018 3527 Δ
1033 3477 1038 3539 l
1054 3474 1134 3544 αὐτῷ
1151 3471 1173 3522 A
