2400 3912
441 227 605 276 -Ε-
971 225 1034 290 145

36 389 170 473 χρηματα
199 397 267 452 τῶν
299 387 475 473 τυράννων
509 387 615 471 ἠδίκει
647 388 709 472 την
738 390 851 470 πόλιν,
885 387 968 454 ἀλλά
984 391 1036 458 ,τά

38 494 170 578 σώματα,
196 493 428 578 φυλάττεσθαί
446 491 477 558 τ’
506 494 628 570 αὐτοὺς
651 493 753 572 ἀξιῶν
776 494 963 592 ἀμφότερα,
991 496 1035 580 μη

38 599 122 683 δόξης
146 623 181 664 τε
207 607 356 686 πονηρᾶς
382 601 471 686 παρά
498 601 634 666 πάντων
661 601 806 684 τύχωσιν
829 601 874 678 ὡς
898 602 953 666 διά
976 602 1036 667 τόν

36 711 167 771 πλοῦτον
198 705 426 789 ἐξεληλακότες
453 705 489 772 ἐκ
515 716 573 791 τῆς
601 707 703 793 ἀρχῆς
729 711 951 794 Ταρκυνίους,
980 705 1037 772 καὶ

37 816 191 897 πρόφασιν
210 810 358 897 πολέμου
378 813 511 877 δικαίαν
529 812 746 898 παράσχωσιν
764 814 879 892 αὐτοῖς
896 815 941 891 ὡς
955 814 1062 879 ἀπο-ὀ

38 921 256 1005 στερουμένοις
272 942 340 985 τιν
360 920 470 984 ίδίων·
503 920 631 1002 ἀδηλον
652 916 714 1004 μὲν
733 914 819 986 εἶναι
838 922 989 1006 φάσκων,
1008 922 1039 984 εί

38 1027 237 1110 κομισάμενοι
264 1028 305 1090 τά
332 1029 482 1112 χρήματα
508 1030 666 1110 πολεμεῖν
694 1026 962 1114 ἐπιχειρησουσιν
990 1029 1037 1092 ἔτι

37 1134 105 1216 πρὸς
126 1132 250 1209 αὐτοὺς
271 1130 346 1218 περὶ
369 1141 428 1216 τῆς
449 1133 613 1215 καθόδου,
636 1134 807 1220 πρόδηλον
831 1131 868 1199 δέ
891 1133 1037 1220 θάτερον

39 1239 73 1315 έος
92 1238 150 1304 οὐκ
173 1238 376 1318 ἀξιώσουσιν
401 1241 539 1326 είρήνην
563 1241 657 1323 ἀχειν
680 1240 738 1316 τὰς
761 1239 877 1316 οὐσίας
901 1240 1038 1325 ἀφαιρε-

37 1344 144 1422 θέντες.
1054 1365 1080 1405 10

92 1452 145 1517 VI.
177 1457 291 1519 Ταῦτα
317 1450 355 1519 δὲ
381 1464 449 1519 τῶν
477 1454 614 1519 ὑπάτων
637 1455 804 1536 λεγόντων
827 1450 882 1517 καί
905 1455 1038 1516 πολλῶν

38 1563 322 1646 συναγορευόντων
345 1559 547 1646 ἀμφοτέροις
565 1559 748 1645 ἀποροῦσα,
772 1560 790 1625 ὅ
811 1582 842 1623 τι
860 1559 921 1644 χρὴ
939 1557 1039 1643 πράτ-

38 1687 107 1748 ιειυ,
128 1665 149 1749 η
173 1667 281 1751 βουλὴ
305 1665 361 1732 καὶ
384 1663 438 1751 ἐφ’
460 1666 584 1752 ἡμέρας
607 1668 731 1750 συχνάς
753 1673 941 1746 σκοποῦσα,
969 1661 1040 1729 ἐπεὶ

38 1774 267 1858 συμφορώτερα
290 1770 351 1856 μὲν
374 1772 558 1856 ὁΒροῦτος
581 1773 689 1838 ἐδόκει
708 1770 828 1856 λέγειν,
853 1772 1040 1856 δικαιότερα

39 1872 64 1939 δ’
82 1877 318 1956 ὁΚολλατίνος
336 1877 490 1965 παρῄνει,
508 1885 694 1946 τελευτῶσα
714 1878 835 1962 διέγνω
854 1880 914 1944 τὸν
933 1879 1040 1962 δῆμον
1055 1895 1081 1937 ισ

38 1993 156 2067 ποιησαι
184 1994 247 2051 τοῦ
274 2009 309 2050 τε
338 1984 570 2071 συμφέροντος
596 1984 735 2052 καὶτοῦ
758 1987 891 2051 δικαίου
914 1987 1075 2070 κριτήν.2

37 2095 155 2157 πολλῶν
181 2089 220 2157 δὲ
243 2092 433 2177 λεχθέντων
455 2087 517 2177 ὑφ’
540 2091 695 2177 ἑκατέρου
718 2102 785 2157 τῶν
809 2091 944 2157 ῦπάτων
963 2090 1042 2156 ἀνα-

38 2189 187 2278 λαβοῦσαι
206 2208 323 2284 ψῦφου
343 2200 380 2265 αί
396 2208 541 2284 φρᾶτραι
559 2199 738 2285 τριάκοντα
757 2193 855 2263 οὖσαι
870 2199 930 2262 τὸυ
945 2196 1042 2282 ἀρτῦ-

38 2304 89 2384 μὸν
104 2305 191 2370 οὕτω
206 2307 329 2391 μικρὰν
341 2305 540 2389 ἐποιησαπο
555 2307 616 2390 την
627 2304 679 2371 ἐπί
688 2306 814 2390 θάτερα
825 2303 944 2387 ῥοπήν,
959 2304 1042 2368 ὥστε

38 2418 85 2495 μιᾷ
106 2415 209 2500 ψήφῳ
233 2414 370 2490 πλείους
392 2411 553 2496 γενέσθαι
575 2423 643 2476 τῶν
667 2411 815 2494 κατέχειν
834 2411 874 2476 τά
892 2410 1042 2494 χρήματα
1056 2429 1083 2468 2⁰

16 2518 243 2604 ῦβουλομένων
266 2520 324 2596 τὰς
347 2519 547 2585 ἀποδιδόναι
570 2519 778 2594 κελευούσας.
824 2519 982 2600 λαβόντες
1005 2512 1043 2581 δὲ

38 2626 113 2708 παρὰ
142 2637 212 2691 τῶν
244 2626 381 2692 ὑπάτων
413 2628 471 2702 τάς
503 2625 693 2711 ἀποκρίσεις
725 2625 761 2689 οί
790 2621 958 2710 Τυρρηνοὶ
988 2621 1044 2688 καὶ

39 2734 131 2797 πολλὰ
153 2733 216 2817 την
239 2735 338 2798 πόλιν
362 2733 604 2814 ἐπαινέσαντες,
628 2733 679 2797 ὅτι
702 2733 742 2796 τά
762 2732 873 2796 δίκαια
892 2732 956 2816 πρὸ
975 2741 1043 2795 τῶν

40 2842 269 2925 συμφερόντων
293 2839 439 2922 εἵλοντο,
468 2841 643 2927 Ταρκυνίῳ
667 2836 729 2923 μὲν
752 2837 943 2904 ἐπέστειλαν
965 2838 1044 2914 τοὺς

40 2941 303 3030 ἀποληψομένους
329 2946 370 3009 τά
392 2948 541 3031 χρηματα
563 2943 720 3029 πέμπειν,
744 2942 839 3009 αὐτοὶ
863 2941 894 3008 δ’
918 2942 1044 3028 έπέμει-
1058 2960 1084 3002 2⁶

40 3071 92 3112 ναν
114 3050 149 3115 έν
172 3059 212 3136 τῇ
236 3054 331 3117 πόλει
354 3054 555 3137 συναγωγήν
578 3074 614 3116 τε
637 3062 704 3116 τῦυ
728 3050 874 3116 ἐπίπλων
897 3047 952 3114 καί
975 3049 1044 3114 διά-

40 3159 126 3221 δεσιν
157 3169 226 3223 τῶν
257 3160 301 3243 μὴ
336 3157 534 3244 δυναμένων
566 3161 712 3242 ἄγεσθαί
736 3182 770 3223 τε
798 3155 853 3223 καὶ
881 3154 1044 3242 φέρεσθαι

41 3267 264 3350 σκηπτόμενοι·
304 3265 349 3342 ὡς
385 3262 424 3331 δὲ
459 3262 603 3349 τάληθὲς
640 3259 705 3349 εἶχε
742 3265 959 3350 ταράττοντες
990 3261 1046 3329 καὶ

103 3426 135 3474 13
154 3416 208 3492 ε’φη
232 3441 284 3492 μεν
302 3422 349 3476 Ba
387 3417 435 3492 ἐφ’
455 3421 561 3492 ἡμέρας
579 3422 656 3475 ABb
751 3429 784 3474 14
803 3421 1045 3492 σνμφερώτεραΒ

41 3494 68 3541 25
84 3489 237 3562 ὑπέμειναν
256 3509 280 3548 ο.
298 3493 443 3562 Kiesshng

86 3589 181 3634 mom.
196 3593 261 3632 Ηεε.
274 3593 306 3632 11.
327 3603 367 3633 ιο.
381 3593 483 3634 λλοοει.
852 3585 884 3634 10
