2400 3912
453 241 619 292 -Ε-

39 401 243 486 κατηγορήσῃ
261 408 343 466 πᾶσι
356 397 536 486 Ῥωμαίοις.
573 399 798 486 ἀπολογηθεὶς
816 398 854 469 δὲ
867 401 923 469 καὶ
936 406 1051 481 πείσας
1065 406 1086 471 2

38 493 192 590 ἅπαντας,
226 507 271 584 ὡς
298 506 401 572 οὐδὲν
428 506 524 585 ἀξιον
552 514 722 595 είργασται
749 518 874 594 φυγῆς,
902 509 962 575 ἐὰν
988 508 1050 595 μὲν

39 613 203 679 ἀποδῶσιν
231 613 321 702 αὐτῷ
349 614 411 698 τὴν
439 617 612 699 βασιλείαν
639 610 755 699 αὖθις,
783 614 895 702 άρξειν
923 611 978 699 ἐφ’
1001 609 1051 694 οἷς

37 718 74 785 ἀν
95 719 257 807 ὁρίσωσιν
280 720 317 786 οί
335 724 469 786 πολῖται
492 721 649 805 δικαίοις,
678 721 736 788 ἐάν
760 718 798 787 δὲ
820 720 934 807 μηκέτι
956 726 1050 807 βασι-

38 827 189 893 λεύεσθαι
209 837 439 914 προαιρῶνται
456 826 609 914 καθάπερ
628 830 830 914 ἔμπροσθεν,
849 823 920 894 ἀλλ’
934 826 1077 914 ἐπέρανε

37 934 103 998 τινδι
140 935 417 1017 καταστήσασθαι
448 937 635 1018 πολιτείαν,
672 933 784 1019 μόνον
816 935 853 1001 ἐν
885 943 925 1020 τῇ
956 937 1051 1000 πόλει

7 1041 166 1124 ΙόΙπατρίδι
191 1041 277 1127 ούση
300 1039 439 1106 καὶτὸν
463 1042 553 1106 ίδιον
577 1035 670 1106 οίκον
690 1043 776 1126 ἔχων
793 1042 1051 1107 πολιτεύσεσθαι

39 1148 110 1230 μετὰ
131 1147 271 1213 πάντων
295 1146 328 1226 ἐξ
353 1152 440 1229 ίσου,
465 1155 573 1231 φυγῆς
596 1142 632 1212 δ’
658 1147 871 1232 ἀπηλλάχθαι
893 1145 948 1213 καὶ
970 1149 1051 1214 πλά-

36 1276 96 1335 νης.
132 1261 239 1319 ταῦτα
263 1251 492 1331 διεξελθόντες
515 1251 649 1318 ἐδέοντο
671 1263 731 1338 τῆς
752 1256 886 1338 βουλῆς,
909 1255 1085 1339 μάλιστα3

37 1355 90 1442 μὲν
119 1360 178 1425 διδ
209 1360 248 1424 τὸ
277 1359 425 1442 δίκαιον,
459 1359 477 1424 ὃ
505 1367 607 1424 πᾶσιν
635 1357 829 1442 ἀνθρώποις
855 1359 1050 1445 καθέστηκε,
1065 1380 1092 1419 1⁰

37 1464 159 1548 μηθένα
184 1469 289 1550 λόγου
310 1463 367 1531 καὶ
384 1467 525 1551 κρίσεως
543 1465 749 1550 ἀποστερεῖν,
773 1474 986 1553 συγχωρῆσαι
1004 1475 1050 1555 τῷ

38 1570 127 1659 ἀνδρλ
154 1573 220 1657 την
248 1572 448 1656 ἀπολογίαν,
477 1567 516 1655 ης
545 1569 640 1637 αὐτοὶ
663 1574 862 1656 γενήσονται
886 1574 1050 1639 δικασταί·

37 1681 64 1743 εί
87 1677 116 1744 δ’
140 1679 260 1767 ἐκείνῳ
287 1679 414 1762 ταύτην
442 1678 484 1744 ού
512 1677 692 1761 βούλονται
715 1679 836 1744 δοῦναι
858 1680 920 1763 τὴν
942 1681 1050 1766 χάριν,

37 1795 86 1870 τῆς
109 1785 272 1871 δεομένης
290 1782 375 1872 ὑπὲρ
397 1784 502 1851 αὐτοῦ
520 1787 647 1860 πόλεως
665 1783 762 1850 ἕνεκα
780 1786 963 1870 μετριάσαι,
988 1788 1051 1852 δω-

41 1894 111 1976 ρεδν
142 1893 230 1978 αὐτῇ
259 1893 431 1975 διδόντας,
460 1891 493 1970 ἐξ
521 1886 561 1974 ἧς
585 1886 688 1956 οὐδὲν
712 1890 807 1957 αύτολ
830 1895 1052 1977 βλαπτόμενοι
1066 1908 1091 1950 1⁵

39 2001 178 2085 μεγάλην
208 1998 347 2078 δόξουσι
374 1998 473 2085 τιμην
496 2002 738 2063 κατατίθεσθαι
760 2007 799 2084 τῇ
823 2001 1052 2086 λαμβανούσῃ,

39 2107 237 2195 ἀνθρώπους
265 2099 297 2170 δ’
319 2107 419 2182 ὄντας
446 2101 553 2188 μηδὲν
580 2100 664 2190 ὑπὲρ
692 2104 753 2188 τὴν
782 2105 887 2189 φύσιν
910 2107 971 2190 τὴν
994 2106 1052 2170 ἀν-

38 2216 212 2300 θρωπίνην
244 2222 388 2298 φρονεῖν
418 2206 499 2295 μηδ’
529 2209 721 2286 ἀθανάτους
750 2213 836 2294 ἔχειν
864 2212 923 2287 τὰς
950 2210 1052 2297 ὀργὰς

39 2321 70 2385 ἐν
91 2327 234 2406 θνητοῖς
257 2319 420 2404 σώμασιν,
444 2316 528 2384 ἀλλά
550 2315 606 2383 καὶ
628 2317 718 2403 παρά
740 2317 878 2401 γνώμην
899 2314 932 2381 τὶ
950 2318 1051 2404 πράτ-

38 2449 100 2493 τειν
123 2423 265 2504 ἐπιεικὲς
287 2427 466 2511 ὑπομείναι
488 2434 556 2490 τῶν
580 2422 749 2510 δεομένων
771 2423 879 2509 χάριν,
904 2421 1051 2508 ἕνθυμη-
1065 2440 1092 2480 2⁰

38 2533 165 2618 θέντας,
189 2533 241 2600 ὅτι
263 2535 441 2617 φρονίμων
465 2526 526 2614 μὲν
550 2528 741 2616 ἀνθρώπων
765 2532 864 2616 ἔργον
888 2525 957 2594 ἐστὶ
980 2539 1052 2606 ταῖς

39 2644 160 2724 φιλίαις
189 2640 384 2724 χαρίζεσθαι
411 2636 470 2712 τὰς
493 2637 630 2721 ἔχθρας,
657 2635 809 2720 ἀνοήτων
833 2631 871 2700 δὲ
893 2633 949 2701 καὶ
971 2639 1051 2723 βαρ-

40 2746 147 2833 βάρων
170 2756 241 2822 τοῖς
264 2743 400 2831 ἐχθροῖς
422 2753 639 2830 συναναιρεῖν
660 2743 741 2819 τοὺς
763 2744 892 2826 φίλους.

11 2883 39 2931 σε
99 2873 140 2938 V.
178 2874 323 2936 Τοιαῦτα
350 2867 517 2947 λεξάντων
546 2868 656 2933 αὐτῶν
684 2867 828 2944 ἀναστάς
855 2865 874 2931 δ
901 2869 1051 2951 Βροῦτος

42 2980 98 3062 ἔφη
130 2974 218 3064 Περὶ
249 2973 311 3062 μὲν
343 2976 480 3041 είσόδου
513 2976 710 3059 Ταρκυνίων
743 2975 789 3051 είς
820 2973 920 3056 τήνδε
952 2974 1051 3036 πόλιν
1065 2989 1091 3030 ετ

41 3085 221 3167 παύσασθε,
236 3083 359 3168 ἀνδρες
371 3083 550 3166 Τυρρηνοί,
564 3081 604 3144 τδι
617 3083 719 3145 πλείω
734 3078 894 3163 λέγοντες.
915 3077 1051 3162 ἐπῆκται

42 3192 100 3276 γάρ
130 3192 195 3276 ἤδη
224 3197 338 3274 ψῆφος
366 3187 477 3254 ἀίδιον
504 3184 576 3252 κατ’
603 3186 714 3252 αὐτῶν
741 3186 898 3273 ὁρίζουσα
925 3187 1050 3270 φυγήν,

108 3435 325 3560 1κατηγορχΒ
390 3433 584 3490 3ἀποδώσειν
603 3433 649 3487 Ba
712 3426 799 3486 4ἒάν
816 3430 869 3485 ΑΒ
934 3437 952 3512 J
972 3436 1051 3513 πολι-

44 3510 187 3566 τεύσεσθαι
201 3509 267 3564 Reis
289 3523 314 3576 e,
331 3505 532 3562 πολιτεύεσθαι
551 3506 573 3561 Ο
617 3511 651 3561 26
671 3498 855 3572 ἐπενήνεκται
869 3519 892 3557 ο.
906 3501 1052 3571 Klesshng
