2394 3912
562 182 725 232 ..ς-

97 349 207 422 2ναις
230 344 267 410 ἐν
289 352 329 429 τῇ
352 345 492 430 πολεμίηι
515 341 664 429 κατέχειν
687 343 781 428 ὑμᾶς.
819 341 1009 407 ὠνείδισται
1031 337 1073 406 δέ
1095 362 1148 422 μοι

132 450 187 517 καὶ
214 451 234 534 ἡ
262 460 330 516 τῶν
352 450 549 535 κληρούχων
573 450 621 526 εἰς
645 449 883 525 Οὐολούσκους
905 447 1071 531 ἐκπομπή,
1101 445 1148 510 ὅτι

132 567 196 641 γῆν
222 558 351 640 πολλὴν
376 554 430 621 καὶ
454 556 588 640 ἀγαθὴν
611 555 653 620 ού
675 564 746 632 τοῖς
768 556 954 640 πατρικίοις
977 548 1058 618 οὐδὲ
1081 563 1147 628 τοῖς

133 663 290 729 ἱππεῦσιν
308 662 523 749 ἐχαρισάμην,
543 661 627 728 ἀλλὰ
640 671 711 738 τοῖς
724 661 863 747 ἀπόροις
877 661 972 744 ὑμῶν
987 657 1146 742 διένειμα·

105 768 188 836 εκαὶ
207 769 225 835 δ
245 768 386 855 μάλιστά
404 792 460 853 μοι
479 770 541 852 την
559 770 718 852 πλείστην
735 767 961 852 ἀγανάκτησιν
975 763 1145 851 παρέσχεν,

132 879 184 944 ὅτι
210 880 346 952 πλείους
372 875 393 958 ἢ
421 878 630 960 τετρακόσιοι
658 876 779 958 ἄνδρες
805 874 841 940 ἐκ
863 882 925 939 τοῦ
949 875 1060 958 δήμου
1083 884 1145 949 τοῖς

133 983 268 1048 ἱππεῦσι
295 980 607 1066 προσκατελέγησαν
635 979 689 1046 ἐπὶ
716 989 774 1064 τῆς
804 981 1044 1066 στρατολογίας
1068 982 1144 1063 βίων

96 1089 385 1173 3εύπορησαντες.
433 1089 465 1152 εί
496 1086 557 1173 μὲν
590 1083 652 1153 οὖν
684 1088 866 1172 ἀκμάζοντί
894 1110 952 1171 μοι
983 1087 1021 1150 τὸ
1057 1097 1186 1170 σῶμιιιιι

131 1203 235 1260 ταῦτα
252 1192 452 1280 προσέπεσε,
472 1195 576 1278 δῆλον
596 1193 638 1259 άν
656 1195 743 1281 ἐργρι
763 1194 901 1278 ἐποίησα
919 1203 991 1269 τοις
1003 1192 1143 1278 ἐχθροῖς,

92 1323 118 1362 ιο
133 1293 207 1367 οἷον
236 1303 317 1367 ὄντα
343 1325 383 1385 με
411 1302 519 1385 άνόρα
546 1301 837 1387 προύπηλάκισαν·
870 1300 984 1382 ἐπειδὴ
1008 1296 1041 1364 δ’
1069 1296 1143 1384 ὑπὲρ

132 1405 360 1492 ἑβδομήκοντα
388 1409 444 1490 ἐτη
472 1405 595 1490 γέγονα
622 1406 679 1472 καὶ
706 1407 748 1473 οὐ
772 1408 915 1483 δυνατὸς
938 1409 987 1471 ἐτι
1010 1405 1143 1490 ἀμύνειν

132 1512 239 1602 ἑαυτῷ
264 1515 332 1598 είμι
355 1513 422 1598 ὁρῶ
446 1535 492 1596 τε,
515 1513 567 1578 ὅτι
591 1513 653 1580 οὐκ
675 1512 718 1579 άν
737 1516 786 1580 ἐτι
803 1511 859 1578 ὑπ’
883 1512 966 1597 ἐμοῦ
984 1513 1142 1578 παύσαιτο

130 1619 151 1702 ἡ
180 1621 295 1698 στάσις
321 1621 432 1705 ὑμῶν,
461 1618 662 1704 άποτόῦεμαι
691 1621 753 1704 την
782 1620 888 1706 άρχην
914 1617 971 1684 καὶ
999 1617 1054 1684 ἐπὶ
1080 1629 1142 1694 τοῖς
1185 1669 1186 1674 1

130 1725 350 1809 βουλομένοις
372 1727 410 1790 τὸ
434 1735 528 1810 σῶμα
552 1725 697 1810 ἐμαυτοῦ
720 1738 817 1809 ποιῶ,
841 1733 875 1792 εί
890 1749 922 1792 τι
942 1731 1072 1792 οἴονται
1088 1723 1136 1816 ύιί

90 1853 116 1892 ιε
131 1829 213 1915 ἐμοῦ
236 1830 474 1916 ἐξηπατῆσθαι,
496 1835 691 1918 χρήσασθαί
711 1855 768 1917 μοι
791 1833 843 1898 ὅτι
866 1831 908 1898 άν
932 1829 1093 1898 δικαιῶσι.

198 1937 361 2003 XXXXV.
389 1931 489 2004 Ταῦτ’
511 1940 615 2004 εἰπὼν
638 1941 675 2004 τὸ
699 1936 760 2023 μὲν
785 1939 968 2024 δημοτικὸν
991 1940 1078 2004 ἅπαν
1099 1940 1139 2013 εἰς

130 2045 345 2129 συμπάθειαν
367 2044 568 2128 ὑπηγάγετο,
590 2043 645 2110 καὶ
668 2046 891 2130 προύπεμψαν
914 2045 1020 2112 αὐτὸν
1038 2045 1073 2110 ἐκ
1089 2053 1138 2127 τῆς
1184 2111 1185 2133 χ

129 2151 254 2236 ἀγορᾶς
272 2150 427 2215 ἀπιόντα·
454 2151 516 2234 την
536 2147 573 2216 δὲ
592 2153 720 2236 βουλὴν
739 2156 787 2218 ἐτι
805 2150 1041 2238 χαλεπωτέραν
1058 2151 1136 2237 αὐτῷ

128 2257 289 2341 γενέσθαι
321 2258 579 2343 παρεσκεύασεν.
624 2258 730 2335 εὐθὺς
762 2256 799 2324 δὲ
831 2261 912 2343 μετὰ
941 2267 1042 2324 τοῦτο
1067 2257 1136 2322 τάδε

89 2384 116 2424 ιο
130 2363 275 2446 ἐγίνετο·
305 2364 340 2428 οί
367 2360 430 2448 μέν
458 2362 597 2448 πένητες
627 2363 739 2430 οὐκέτι
765 2367 879 2450 κρύφα
907 2364 989 2430 οὐδὲ
1017 2365 1134 2444 νύκτωρ

129 2469 174 2546 ὡς
193 2472 368 2556 πρότερον,
388 2466 461 2535 ἀλλ’
479 2470 677 2553 ἀναφανδὸν
696 2473 760 2556 ἤδη
775 2475 950 2548 συνιόντες
965 2471 1133 2555 ἐβούλευον
1183 2533 1184 2542 ,

128 2575 313 2642 ἀπόστασιν
345 2575 381 2642 ἐκ
412 2586 481 2641 τῶν
513 2579 708 2663 πατρικίων·
745 2578 767 2661 ἡ
800 2574 836 2643 δὲ
869 2579 976 2662 βουλη
1005 2579 1133 2643 κωλύειν

131 2682 356 2768 διανοουμένη
375 2693 445 2761 τοῖς
462 2683 600 2760 ὑπάτοις
619 2683 752 2762 ἐπέταξε
770 2687 866 2769 μήπω
885 2687 982 2751 λύειν
996 2687 1036 2750 τά
1049 2701 1131 2768 στρα-

127 2790 282 2873 τεύματα.
330 2799 397 2854 τῶν
428 2791 492 2874 γάρ
524 2798 627 2873 τριῶν
659 2790 834 2875 ταγμάτων
867 2789 1063 2878 <ἕκάτερος>
1089 2792 1180 2853 ἐτιῑΙῦ

87 2915 113 2955 νε
127 2895 243 2980 κύριος
279 2889 322 2979 ἦν
354 2907 425 2972 τοῖς
457 2905 704 2979 στρατιωτικοῖς
736 2897 848 2982 ὅρκοις
879 2895 1129 2984 κατειργομένων
1182 2909 1183 2914 ’

125 3001 183 3068 καλ
206 2998 318 3078 οὐδεὶς
340 3001 580 3067 ἀπολείπεσθαι
599 3013 666 3068 τῶν
685 3005 832 3088 σημείων
850 3003 960 3088 ηξίου·
984 3011 1129 3070 τοσοῦτον

201 3162 233 3210 12
254 3151 364 3224 ἐμαυτοῦ
384 3174 406 3210 α.
421 3157 550 3211 Hertlein
563 3158 681 3213 Hermes
695 3159 722 3213 X
739 3178 767 3229 p.
782 3166 835 3214 414
851 3162 856 3231 Ι
872 3161 986 3230 όρῶνΟ
1013 3161 1064 3231 ὁρῶ
1076 3158 1127 3226 syl-

127 3226 202 3292 burg
291 3232 325 3279 22
346 3211 377 3280 ἐκ
395 3233 444 3294 τῆς
462 3230 597 3297 πατρίδος
612 3246 634 3282 c.
653 3230 792 3285 Bsicheler
812 3234 817 3298 1
836 3231 894 3285 ἀπὸ
913 3240 971 3286 τῶν
989 3232 1127 3300 πατρικίων

129 3309 152 3344 ο.
172 3292 261 3371 Οοοελ
279 3293 391 3375 Οἱπχμ.
407 3302 459 3350 120
539 3304 574 3351 24
592 3307 648 3353 τῶν
671 3300 724 3370 γὰρ
749 3299 832 3370 ἱερῶν
852 3301 874 3355 0
911 3309 970 3357 τῶν
989 3303 1039 3372 γὰρ
1056 3307 1127 3369 τριῶν

130 3375 153 3412 ο.
171 3360 299 3439 Νρεῦιιλπ
316 3363 390 3418 Ηιεο.
409 3365 489 3420 Rom.
508 3367 576 3422 tom.
590 3369 617 3422 Π
635 3375 692 3425 not.
714 3378 781 3426 1331
806 3377 810 3439 Ι
834 3366 967 3440 ἑκάτερος
990 3371 1030 3426 ἐτι
1046 3371 1128 3440 κύριος

131 3441 154 3476 ο.
174 3427 317 3496 Klesshng
388 3439 422 3486 25
441 3437 689 3510 στρατιω<τικ>οῖς
707 3441 730 3492 Β
