2400 3912
60 223 81 286 ε
488 224 653 272 -Δ-

59 407 128 450 των
150 386 214 469 γάρ
238 384 275 451 ἐν
297 393 343 472 τῷ
367 387 507 469 παρόντι
531 385 597 448 osc·
636 382 717 448 ὅταν
741 379 778 448 δὲ
801 384 842 447 τά
863 392 978 467 πρῶτα
995 383 1078 468 ήμῖν

59 494 194 578 χωρήση
226 494 309 557 κατὰ
339 500 439 575 νοῦν,
472 493 545 557 τότε
572 487 628 554 καὶ
656 489 692 556 ἐκ
718 498 779 554 τοῦ
807 498 959 575 φανεροῦ
986 491 1077 576 πάσῃ

63 598 203 682 δυνάμει
225 595 280 663 καί
304 595 381 682 μεθ’
405 597 518 663 ὅπλων
537 597 651 678 αὐτοῖς
670 595 772 681 ὁμόσε
790 605 993 683 χωροῦντας,
1017 595 1077 662 ἐάν

60 705 125 789 ἀρα
156 703 211 770 καί
243 707 373 771 τούτων
406 703 474 790 δέη.
520 701 593 769 ἀλλ’
620 703 662 769 οὐ
694 705 806 787 δεήσει
835 701 1079 788 βουληθέντων

25 797 155 912 (ἐὴμῶν
176 812 333 898 πράττειν
354 820 419 876 νῦν
437 809 458 875 δ
478 812 536 876 δεῖ.
574 813 650 875 τίνα
668 805 706 874 δὲ
723 805 814 874 ταῦτ’
834 809 918 887 ἐστί;
942 818 1078 895 πρῶτον

60 914 122 1001 μὲν
145 919 369 1004 κρυπτώμεθα
391 918 451 984 τὸν
473 926 534 982 τοῦ
558 915 721 1000 βασιλέως
741 916 894 981 θάνατον
916 912 972 979 καὶ
994 916 1080 998 πρὸς

60 1023 206 1100 ἅπαντας
230 1023 444 1108 ἐξενεχθῆναι
462 1023 776 1108 παρασκευάσωμεν,
800 1023 851 1087 ὅτι
869 1022 1001 1106 πληγήν
1020 1021 1078 1086 οῦ-

61 1129 180 1213 δεμίαν
203 1131 270 1212 ἔχει
292 1133 435 1212 καίριον,
459 1130 495 1195 οἳ
509 1125 538 1194 τ’
561 1126 669 1213 ίατροὶ
685 1127 873 1211 λεγέτωσαν
892 1127 930 1193 ἐν
949 1128 1078 1211 ὀλίγαις

58 1232 197 1319 ἡμέραις
215 1234 319 1300 αὐτὸν
337 1234 524 1314 ἀποδείξειν
538 1235 631 1318 ύγιή·
664 1230 762 1298 ἔπειτ’
781 1233 846 1317 ἐγὼ
860 1238 1079 1320 προελθοῦσα

21 1366 47 1406 ω
62 1342 113 1416 είς·
130 1338 323 1424 τούμφανὲς
345 1341 409 1428 ἐρῶ
432 1342 515 1428 πρὸς
536 1342 597 1407 τὸν
622 1342 734 1425 ὄχλον,
758 1341 803 1416 ὡς
826 1341 868 1424 δή
887 1343 1078 1426 Ταρκυνίου

15 1437 18 1443 ’
59 1470 115 1532 μοι
134 1441 226 1511 ταῦτ’
248 1449 354 1512 εἰπεῖν
373 1447 631 1532 ἐπισκήψαντος,
655 1448 706 1512 δτι
724 1447 860 1512 πάντων
879 1446 1078 1512 ἀποδείκνυ-

59 1569 115 1618 σιν
138 1553 337 1638 ἐπιμελητήν
359 1552 416 1618 καὶ
439 1554 572 1638 φύλακα
592 1548 707 1644 τῶν,τ’
729 1553 826 1618 ίδίων
847 1550 990 1618 καὶτῶν
1007 1576 1078 1618 κοι-

59 1669 140 1741 νῶν,
164 1659 226 1735 ἕως
248 1659 348 1736 αὐτὸς
372 1659 407 1724 ἐκ
429 1669 497 1725 τῶν
515 1661 714 1747 τραυμάτων
732 1660 829 1744 ὑγιής
846 1658 993 1744 γένηται,
1016 1661 1078 1724 τὸν

58 1765 172 1851 ἕτερον
195 1774 263 1830 τῶν
286 1764 407 1831 ἑαυτοῦ
429 1769 599 1852 γαμβρῶν,
622 1767 659 1831 τὸ
684 1768 746 1832 σὸν
769 1768 919 1850 εἰποῦσα,
944 1761 969 1831 ἀι
993 1767 1078 1831 Τύλ-

19 1895 46 1937 15
59 1878 124 1956 λιε,
153 1874 259 1957 ὄνομα
281 1874 372 1938 ἐσται
397 1866 427 1938 δ’
455 1873 516 1938 ούκ
538 1875 656 1938 ἀκουσι
675 1868 862 1957 Ῥωμαίοις,
891 1871 975 1938 ἀλλά
997 1875 1078 1956 βου-

59 1977 215 2062 λομένοις
243 1980 308 2044 ὑπὸ
336 1987 399 2044 σοῦ
422 1979 484 2062 τήν
506 1983 606 2046 πόλιν
629 1979 923 2064 ἐπιτροπεύεσθαι,
950 1976 1011 2063 ὑφ’
1034 1974 1077 2044 οὗ

25 2085 217 2162 λπολλάκις
239 2087 304 2170 ήδη
326 2083 566 2173 καὶπρότερον
585 2086 822 2170 ἐπετροπεύθη.
860 2085 941 2150 ὅταν
961 2082 998 2150 δὲ
1015 2087 1078 2150 τὸν

60 2194 210 2277 παρόντα
233 2193 395 2258 κίνδυνον
419 2193 699 2277 διασκεδάσωμεν,
724 2188 826 2256 οὐδὲν
848 2193 912 2276 γάρ
936 2194 984 2256 ἔτι
1006 2202 1133 2262 τῶν644

60 2298 192 2382 ἐχθρῶν
216 2294 355 2384 ίσχυρόν
378 2299 447 2364 ἐστι
472 2303 529 2383 ζήν
550 2307 612 2364 τοῦ
634 2296 797 2381 βασιλέως
817 2297 1075 2383 ἀγγελλομένου,

19 2426 46 2466 νο
59 2406 262 2488 παραλαβὼν
295 2407 338 2469 σὺ
369 2406 427 2481 τάς
458 2429 492 2470 τε
521 2405 668 2490 ῥάβδους
695 2402 752 2469 καί
778 2405 840 2488 τήν
867 2415 935 2470 τῶν
964 2405 1077 2472 ὅπλων

58 2508 213 2587 ἐξουσίαν
239 2511 332 2575 κάλει
358 2514 437 2587 τοῦς
459 2512 707 2594 βουλεύσαντας
730 2509 922 2576 ἀποκτεῖναι
949 2513 1077 2596 Ταρκύ-

57 2639 134 2681 νιον
163 2613 217 2681 ἐπί
246 2617 305 2681 τὸν
335 2618 442 2701 δῆμον
465 2616 529 2682 ἀπὸ
551 2627 618 2682 τῶν
641 2620 801 2703 Μαρκίου
823 2618 955 2682 παίδων
978 2616 1076 2704 ἀρξά-

65 2745 165 2806 μενος
196 2720 252 2788 καὶ
283 2727 409 2808 πρόθες
441 2724 554 2800 αὐτοῖς
587 2724 693 2800 δίκας·
734 2724 1006 2809 τιμωρησάμενος
1038 2722 1076 2790 δὲ

59 2830 201 2906 τούτους
218 2829 377 2911 ἅπαντας,
396 2829 454 2894 ἐάν
473 2827 534 2914 μὲν
554 2829 759 2914 ὑπομείνωσι
777 2831 836 2907 τδς
853 2833 989 2916 κρίσεις,
1012 2838 1076 2896 θα-

19 2955 45 2997 εε
59 2937 182 3019 νάτοις,
202 2935 260 3000 ἐάν
280 2929 311 3000 δ’
333 2934 477 3020 ἐρήμους
497 2936 641 3020 ἀφῶσιν,
661 2935 679 3000 ὃ
698 2942 825 3021 μᾶλλον
844 2937 967 3014 αύτούς
982 2932 1077 3022 οἶμαι

57 3047 221 3128 ποιήσειν,
259 3041 418 3129 ἀειφυγίᾳ
453 3040 509 3107 καί
547 3044 704 3127 δημεύσει
739 3054 807 3108 τῶν
843 3042 1075 3130 ὑπαρχόντων,

57 3270 107 3324 Bc
129 3199 1075 3343 wf‘ffisffz‘zzsszwwY'&²}'1⁰3‚„‘{{3⁶22135¹‘ss

58 3346 92 3394 14
112 3339 230 3394 εἰποῦσα
254 3340 343 3410 ὄνομα
366 3337 387 3396 ὦ
410 3341 506 3396 Τύλλιε
526 3341 548 3396 Ο
567 3341 725 3467 χιεωολθεΒ
813 3350 846 3398 19
870 3341 1076 3415 ἀγγελλομένου

55 3410 134 3464 ABb
171 3411 357 3490 ἀγγελρμένον
376 3412 403 3465 R
474 3419 508 3468 23
526 3433 565 3482 πρ
583 3414 676 3475 θεςΒ
713 3412 835 3485 πρόςθες
852 3415 878 3468 R
949 3421 983 3470 25
1002 3414 1076 3468 ἁλῶ-

58 3499 103 3537 σιν
122 3497 145 3536 ο.
165 3479 310 3549 Κιεεελιωρ
381 3488 415 3538 26
434 3484 582 3554 ἀειφυγίαι
600 3484 623 3537 Β
