2384 3902
446 229 606 283 -3-
973 219 1037 292 281

27 393 90 453 λιοι
113 386 285 474 φέροντες,
310 389 373 455 ὅσα
395 391 485 476 παρὰ
507 400 575 454 τῶν
597 389 772 474 ἡγεμόνων
795 388 943 473 ἀριστεῖα
966 389 1039 452 ἔλα-

26 497 86 576 βον
108 493 146 559 έν
170 506 242 573 ταῖς
265 497 398 581 μάχαις,
428 498 511 581 καλὴ
535 494 591 563 καὶ
614 495 689 575 ἀξία
710 504 771 561 τοῦ
794 495 960 580 μεγέθους
981 503 1039 578 της

26 599 203 684 ἡγεμονίας
231 604 316 680 ὄψις.
356 612 459 669 ταῦτα
487 599 548 688 μὲν
570 600 654 689 ὑπὲρ
682 610 740 690 τῆς
765 595 948 685 γενόμίνης
971 599 1075 668 ἐπι-5

27 711 164 790 φανείας
186 719 254 773 τῶν
277 711 499 794 Διοσκούρων
523 709 685 795 λεγόμενά
705 731 740 774 τε
757 705 814 774 καὶ
831 708 1039 794 πραττόμενα

12 812 86 880 ούπὸ
105 809 279 898 Ῥωμαίων
307 819 449 900 ἔμαθον·
482 814 515 894 ἐξ
544 811 592 882 ών
618 811 804 901 τεκμήραιτ’
832 815 875 878 ἀν
902 836 965 895 τις,
994 812 1060 888 ώςι

26 924 196 1003 θεοφιλεῖς
218 916 304 1004 ἦσαν
327 922 363 986 οί
382 924 456 988 τότε
478 923 667 1006 άνθρωποι,
691 924 755 985 σὺν
774 921 887 995 ἀλλοις
903 922 1040 994 πολλοῖς

25 1023 76 1089 καὶ
98 1027 264 1110 μεγάλοις.

87 1132 198 1198 XIIII.
232 1130 268 1198 ‘0
299 1131 336 1199 δὲ
364 1135 554 1218 Ποστόμιος
587 1132 718 1218 ἐκείνην
750 1130 812 1218 μέν
843 1133 906 1217 τὴν
935 1132 1040 1197 νύκτα

26 1239 386 1326 κατεστρατοπέδευσεν
419 1239 455 1306 ἐν
483 1248 529 1329 τῷ
557 1241 676 1326 πεδίῳ,
707 1247 747 1324 τη
776 1233 807 1303 δ’
834 1236 907 1322 ἑξῆς
933 1236 1040 1323 ἡμέρᾳ

28 1347 242 1428 στεφανώσας
268 1347 348 1422 τοὺς
370 1346 628 1431 ἀριστεύσαντας
651 1345 688 1410 ἐν
710 1352 750 1430 τῇ
773 1345 860 1430 μάχη
883 1341 940 1408 καὶ
960 1346 1039 1420 τοὺς
1049 1369 1077 1408 10

28 1452 255 1535 αἰχμαλώτους
282 1452 509 1536 φνλάττεσθαι
533 1453 672 1528 διαδοὺς
699 1453 779 1516 ἔθυε
802 1451 843 1515 τὰ
865 1452 1040 1534 νικητήρια

28 1551 95 1634 τοῖς
112 1565 220 1635 θεοῖς.
257 1561 306 1623 ἔτι
329 1555 361 1623 θ’
384 1558 473 1646 αὐτῷ
496 1559 556 1624 τὸν
580 1557 748 1643 στέφανον
772 1555 966 1644 ἐπικειμένῳ
985 1553 1039 1622 καὶ

28 1664 80 1740 τάς
106 1664 324 1750 ὑπερπύρους
347 1663 494 1750 ἀπαρχὰς
516 1675 587 1742 τοῖς
610 1669 736 1748 βωμοῖς
759 1660 942 1730 ἐπιτιθέντι
965 1678 1040 1729 σκο-

30 1773 83 1835 ποί
110 1793 202 1848 τινες
235 1771 299 1836 ἀπὸ
331 1781 399 1836 τών
428 1772 603 1857 μετεώρων
631 1772 901 1856 καταδραμόντες
926 1765 1040 1852 ἀγγέλ-

31 1881 121 1943 λουσι
143 1877 307 1962 πολέμιον
330 1874 383 1942 ἐπὶ
407 1886 493 1962 σφᾶς
516 1876 669 1942 ἐλαύνειν
693 1880 844 1963 στρατόν.
881 1872 924 1960 ἦν
947 1870 978 1940 θ’
1005 1873 1077 1940 ἔκιε

31 1992 85 2048 τοῦ
119 1983 348 2049 Οὐολούσκων
385 1987 509 2061 ἔθνους
545 1969 713 2061 ἐπίλεκτος
748 1983 834 2068 ἀκμὴ
871 1982 1041 2066 σύμμαχος

33 2088 255 2175 ἀπεσταλμένη
279 2093 453 2174 Λατίνοις,
475 2088 555 2176 πρὶν
578 2089 600 2174 ἢ
622 2091 684 2174 τὴν
707 2091 816 2175 μάχην
838 2089 949 2153 αὐτῶν
973 2085 1040 2150 ἐπι-

32 2201 236 2280 τελεσθῆναι.
281 2197 326 2272 ώς
354 2193 391 2262 δέ
420 2197 461 2280 δὴ
489 2192 581 2262 ταῦτ’
612 2201 714 2281 ἔγνω,
745 2204 866 2280 χωρεῖν
894 2192 1075 2266 άπαντας2

34 2300 200 2368 ἐκέλευσεν
224 2301 276 2368 ἐπὶ
299 2303 339 2368 τά
362 2303 447 2368 ὅπλα
470 2301 525 2368 καὶ
548 2301 661 2389 μένειν
684 2303 722 2369 έν
744 2311 790 2389 τῷ
812 2301 931 2385 χάρακι
951 2295 1040 2380 παρὰ

33 2420 97 2486 ταῖς
121 2411 224 2492 ίόίαις
247 2409 387 2475 ἕκαστον
406 2413 561 2493 σημαίαις
580 2411 679 2494 σιγὴν
697 2407 752 2474 καὶ
771 2408 897 2489 κόσμον
915 2400 1038 2487 φυλάτ-
1049 2421 1076 2460 εο

33 2537 154 2599 κοντας,
180 2514 243 2592 ἕως
265 2514 308 2580 ἀν
332 2514 431 2592 αὐτὸς
455 2514 475 2579 ἀ
497 2517 561 2601 χρὴ
584 2517 740 2602 πράττειν
757 2510 970 2595 παραγγείλῃ.
1008 2505 1044 2569 οί

11 2618 69 2685 ῖῖύὲ
85 2632 152 2687 τών
168 2622 397 2688 Οὐολούσκων
410 2620 570 2706 ἡγεμόνες
584 2622 617 2700 ἐξ
632 2622 781 2688 ἀπόπτου
794 2627 862 2681 τῶν
872 2609 1040 2695 Ῥωμαίων

34 2732 296 2813 παρεμβαλόντες
315 2727 359 2804 ὡς
378 2723 471 2793 είόον
489 2729 611 2814 μεστὸν
629 2725 690 2813 μὲν
709 2727 745 2791 τὸ
765 2723 882 2788 πεδίον
900 2724 1040 2800 νεκρῶν,

35 2832 155 2916 ὀρθοὺς
184 2831 222 2900 δὲ
247 2837 326 2910 τοὺς
348 2835 494 2919 χάρακας
516 2832 740 2918 ἀμφοτέρους,
767 2827 928 2911 προιόντα
953 2815 983 2885 δ’
1005 2819 1042 2884 ἐκ

35 2951 94 3004 τών
117 2942 293 3027 ἐρυμάτων
313 2941 389 3006 ούτε
408 2941 568 3025 πολέμιον
587 2941 663 3005 ούτε
682 2939 784 3020 φίλον
804 2927 938 3007 οὐθένα,
960 2921 1042 3000 τέως
1053 2947 1082 2988 ετ

37 3045 89 3127 μέν
116 3047 309 3132 ἐθαύμαζον
335 3045 391 3112 καὶ
418 3051 468 3124 τίς
494 3043 579 3130 <ἦν>
609 3045 628 3127 ἡ
656 3042 875 3136 κατειληφυῑζα
897 3029 978 3112 nim
1002 3031 1046 3095 τὰ

101 3283 115 3330 3
135 3275 202 3345 ὄψις
225 3281 275 3342 τῆς
296 3273 447 3343 ἡγεμονίας
464 3272 487 3326 Β
524 3279 572 3338 τῆς
590 3264 742 3336 ἡγεμονίας
761 3257 828 3325 ὄψις
845 3253 871 3305 R
886 3253 890 3317 Ι
907 3249 980 3340 ᾇπέρ
1000 3265 1056 3330 τῆς

38 3345 91 3401 τότε
108 3345 260 3418 λεγομένης
279 3361 302 3398 ο.
321 3344 466 3413 Kiessling
538 3349 568 3395 11
590 3331 728 3418 διθυύςβ
799 3330 831 3378 15
851 3318 1015 3382 έλαυνοντα
1033 3335 1061 3390 A
1137 3405 1141 3410 Ι

39 3421 68 3470 20
85 3417 213 3487 φυλακὴν
232 3414 315 3469 ΑΒΕ
352 3413 472 3485 οιγήνΟ
533 3417 566 3464 21
585 3403 765 3472 παραγγελλη
784 3395 836 3448 ΑΒ
872 3405 1063 3520 παρῑξξῖχείλῃ

42 3485 99 3542 eet
114 3489 220 3542 Reiske
295 3491 330 3540 24
349 3485 465 3555 ὀρθούς]
485 3475 642 3552 μεστούςΒ
716 3475 751 3522 26
770 3460 806 3533 ην
825 3461 890 3516 add.
910 3461 974 3517 Buc
999 3473 1066 3531 0101·
