2384 3902
130 179 196 246 270
557 178 717 230 -ς-

131 351 253 408 τιατῶν
285 339 476 424 ἐπικουρίας
508 336 650 415 οὐδένας
682 338 804 414 ἀλλους
834 335 933 423 ὁρᾶτε
962 335 1138 410 κοινωνοὺς

128 449 296 530 παρόντας
318 445 432 522 αὑτοῖς
454 453 515 510 τοῦ
532 443 695 529 πολέμου·
722 444 816 528 ήμεῖς
835 441 866 509 δ’
893 443 1042 518 ἅπαντας
1061 440 1138 506 Οὐο-

130 553 294 630 λούσκους
322 550 413 636 ήξειν
436 550 550 628 αὑτοῖς
572 549 851 635 ὑπελαμβάνομεν
875 549 1070 634 συμμάχους
1090 545 1137 612 καὶ

129 661 289 743 Σαβίνων
312 682 347 724 τε
369 657 424 723 καὶ
438 652 601 742 Ἑρνίκων
626 659 772 742 συχνοὺς
789 654 845 722 καὶ
864 659 1007 742 μυρίους
1024 655 1137 729 άλλους

93 739 186 866 Ξόιά
213 774 311 849 κενῆς
338 764 583 848 ἀνεπλάττομεν
610 762 690 847 ήμῖν
718 762 833 840 αὐτοῖς
855 765 994 847 φόβους.
1041 759 1137 824 πάντα

131 869 160 936 θ’
183 866 226 954 ήν
249 872 314 954 άρα
331 879 435 936 ταῦτα
448 871 605 936 Λατίνων
624 869 791 955 ὀνείρατα,
814 866 1012 953 ὑποσχέσεις
1029 869 1136 951 ἔχοντα

129 979 226 1054 κενάς
252 974 309 1042 καὶ
336 975 471 1054 ἐλπίδας
496 976 630 1054 ἀτελεῖς.
676 977 712 1040 οί
737 971 799 1059 μὲν
826 975 890 1058 γὰρ
919 974 1135 1058 έγκαταλελοί

128 1098 230 1147 πασιν
267 1082 378 1148 αὐτῶν
413 1083 475 1166 τήν
506 1083 701 1168 ἐπικουρίαν
732 1083 1049 1166 καταφρονήσαντες
1077 1087 1179 1142 τῶνΙλῶ

129 1199 323 1274 στρατηγῶν
346 1186 442 1273 <έπὶ>
465 1198 523 1272 τῆς
545 1189 798 1273 στρατολογίας,
821 1187 857 1252 οί
882 1183 920 1251 δέ
943 1187 1136 1272 μελλήσουσι

93 1322 120 1360 ιο
129 1299 255 1379 μᾶλλον
275 1295 295 1379 ή
314 1297 525 1379 βοηθήσουσι
541 1297 713 1380 τρίβοντες
731 1293 768 1359 ἐν
786 1305 858 1370 ταῖς
872 1292 982 1358 ἐλπίσι
995 1293 1056 1358 τόν
1070 1293 1136 1376 χρό

128 1425 202 1484 νον,
226 1401 262 1466 οί
280 1397 317 1466 ὑὲ
336 1409 400 1466 νῦν
419 1401 513 1477 ὄντες
532 1399 569 1465 ἐν
587 1411 811 1486 παρασκευαῖς
829 1399 1071 1485 ὑστερήσαντες
1087 1406 1136 1478 τής

129 1507 234 1592 μάχης
257 1503 358 1572 οὐδὲν
381 1509 430 1572 έιι
452 1506 566 1583 αὑτοῖς
588 1508 745 1592 χρήσιμοι
767 1508 975 1590 γενήσονται.

195 1612 285 1678 VIII.
317 1613 363 1678 Ec
393 1610 434 1679 δέ
457 1635 546 1690 τινες
572 1613 669 1697 ὑμῶν
695 1621 799 1678 ταῦτα
827 1608 889 1696 μέν
916 1611 1031 1696 ὀρθῶς
1057 1611 1135 1694 είρή·

130 1724 213 1784 σθαι
236 1723 446 1804 νομίζουσιν,
475 1720 665 1804 ὀρρωδοῦσι
689 1715 726 1784 δέ
749 1720 787 1785 τὸ
810 1729 878 1783 τῶν
901 1718 1135 1801 ἀντιπολεμίων

94 1828 275 1908 ιτπλήθος,
303 1828 442 1912 βραχείᾳ
470 1826 589 1910 διδαχή
617 1822 818 1910 μαθέτωσαν
840 1824 880 1888 τά
904 1823 949 1908 μή
973 1823 1068 1888 ὑεινά
1090 1823 1135 1886 ὑε-

44 1945 45 1948 ’
130 1933 252 2014 όιότες,
284 1937 410 2015 μᾶλλον
443 1928 474 1995 δ’
501 1931 698 2016 ἀναμνήσει·
739 1941 873 2014 πρῶτον
903 1925 965 2014 μὲν
998 1929 1134 2013 ἐνθυμη-

129 2035 260 2120 θέντες,
289 2037 340 2102 ότι
367 2039 482 2104 πλεῖόν
512 2036 603 2104 ἐστιν
630 2037 668 2102 έν
691 2036 806 2114 αὐτοῖς
827 2037 865 2102 τὸ
889 2033 1134 2120 ἠναγκασμένον

129 2144 168 2209 τά
198 2131 283 2209 ὅπλα
312 2141 390 2209 καθ’
416 2143 510 2228 ήμῶν
538 2143 732 2227 ἀναλαβεῖν,
766 2143 810 2220 ὡς
839 2142 876 2208 έκ
903 2148 1039 2208 πολλῶν
1064 2141 1134 2224 ἡμῖν

130 2253 238 2336 ἔργων
265 2272 300 2315 τε
327 2248 383 2316 καλ
410 2252 520 2332 λόγων
549 2249 709 2334 ἐδήλωσε,
735 2251 773 2315 τὸ
797 2247 828 2314 δ’
853 2248 1009 2314 ἑκούσιόν
1031 2243 1134 2312 τεκαὶ

93 2356 165 2422 εοέκ
187 2360 379 2442 προθυμίας
400 2352 484 2442 ὑπὲρ
507 2367 574 2422 τῶν
597 2356 773 2442 τυράννων
791 2354 1039 2439 ἀγωνιζόμενον
1054 2354 1133 2419 πάνυ

129 2463 259 2546 ὀλίγον,
289 2469 416 2549 μᾶλλον
441 2459 479 2528 δὲ
501 2463 686 2530 πολλοστὸν
709 2461 808 2548 μέρος
830 2485 861 2527 τι
884 2470 946 2526 τοῦ
968 2459 1132 2545 ήμετέρου·

129 2566 235 2635 ἔπειθ’
258 2569 309 2634 ότι
331 2572 410 2646 τοὺς
432 2569 597 2654 πολέμους
619 2570 767 2646 ἅπαντας
790 2568 850 2653 οὐχ
869 2569 905 2633 οί
920 2569 1057 2644 πλείους
1070 2575 1133 2640 τοῖς

95 2675 288 2760 ἳάριθμοῖς
310 2682 548 2761 κατορθοῦσιν,
573 2671 643 2739 ἀλλ’
668 2674 703 2739 οί
722 2677 893 2760 κρείττους
910 2673 1021 2760 ἀρετή.
1055 2671 1132 2738 πολὺ

131 2780 172 2846 ἀν
196 2784 296 2866 ἔργον
319 2788 370 2865 εῖη
394 2782 642 2865 παραδείγματα
666 2779 793 2866 φέρειν,
820 2780 882 2846 ὅσα
905 2777 1081 2865 βαρβάρων
1099 2797 1131 2839 τε

94 2912 120 2952 νε
130 2886 185 2953 καὶ
203 2883 373 2970 Ἑλλήνων
394 2888 621 2973 στρατεύματα
638 2887 869 2972 ὑπερβαλόντα
887 2887 1013 2970 πλήθει
1030 2878 1180 2970 μικραλλῦῶ

201 3087 215 3135 7
240 3078 291 3150 μέν
319 3078 372 3150 γάρ
395 3079 420 3132 Α
461 3079 513 3149 μέν
540 3099 571 3149 γε
594 3079 620 3132 R
647 3078 682 3132 cf.
704 3077 862 3132 Ambrosch
886 3078 922 3131 ad
945 3076 995 3133 lib.
1018 3077 1044 3130 II
1061 3078 1128 3141 222

130 3157 146 3203 9
165 3151 353 3219 *στρατηγίας
371 3151 393 3204 Ο
431 3150 653 3218 ἀστρατηγησίας
671 3150 718 3204 vel
734 3157 784 3275 τχς
798 3149 917 3218 ἀπείρου
933 3147 1093 3218 στρατηγίας
1107 3160 1126 3195 c.

131 3219 251 3286 Sylburg
278 3221 409 3288 ἀπειρίας
422 3235 445 3274 ο.
465 3219 554 3272 Cobet
565 3221 628 3274 obs.
644 3225 739 3289 p.·110
768 3220 801 3274 πὶ
814 3227 863 3288 τῆς
877 3221 1071 3289 στρατολογίας
1083 3230 1127 3282 ego

133 3293 165 3338 10
189 3283 220 3340 έν
244 3294 304 3350 ταῖς
323 3285 449 3343 έλπίοιΟ
486 3296 582 3350 κεναῖς
602 3285 614 3344 έ
634 3308 657 3344 ο,
675 3290 821 3359 Kiessling
857 3292 992 3360 ματαίαις
1010 3288 1092 3347 ἐλπίσι
1107 3300 1127 3336 ο.

134 3355 304 3422 Grasberger
328 3358 403 3413 Τεεε.
426 3357 540 3426 Herbip.
560 3377 587 3427 p.
607 3367 641 3414 28
665 3377 701 3413 an
729 3365 841 3423 λεπταῖς
864 3357 971 3415 έλπίσιῖ
1060 3363 1128 3410 211¹

134 3419 187 3473 del.
206 3421 294 3475 Cobet
310 3424 329 3478 l.
347 3429 366 3480 1.
438 3433 471 3480 22
490 3426 638 3502 πολέμους]
658 3429 763 3493 πόνους
782 3435 806 3486 A
