2400 3912
473 235 637 286 -Δ-
1022 233 1063 298 19

51 393 146 457 καιόν
177 416 212 460 τε
243 391 300 460 καλ
331 391 505 479 συμφέρον
537 401 583 481 τςό
615 395 718 482 κοινῷ
750 389 848 460 τοῦδ’
880 394 1077 480 ήγούμενος.

7 499 133 576 οιοτοὺς
164 494 226 583 μέν
253 502 360 565 πολλὰ
388 498 610 584 κεκτημένους
636 501 743 566 πολλὰ
769 499 953 587 εἰσφέρειν,
985 504 1080 595 τοὺς

51 601 80 668 δ’
101 604 200 688 ὀλίγα
226 608 363 691 έηοντας
390 605 495 690 ὀλίγα.
538 607 633 672 δοκεῖ
658 604 699 671 δέ
723 630 781 691 μοι
802 607 859 673 καὶ
881 617 939 692 τῆς
961 609 1097 694 δημο-8
1132 607 1137 617 “

50 712 123 787 σίας
145 718 221 794 γης,
244 709 287 794 ἣν
311 711 367 776 διὰ
388 720 456 776 τῶν
480 711 594 777 ὅπλων
611 712 813 796 κτησάμενοι
830 712 991 798 κατέχετε,
1015 715 1059 798 μή

48 818 126 892 τοὺς
158 816 415 894 ἀναιδεστάτους
447 818 557 904 ὥσπερ
589 825 654 882 νῦν
686 827 820 903 κρατεῖν
848 819 925 884 οίπε
952 820 1097 905 χάριτιῡ

47 923 211 1006 λαβόντας
241 920 314 989 οὔτ’
346 923 416 1008 ὠνή
443 923 685 1010 κτησαμένους,
718 923 802 990 ἀλλὰ
827 925 907 1001 τοὺς
934 924 1062 1009 μηδένα
1171 922 1174 930 ’

46 1033 172 1114 κλῆρον
199 1031 336 1114 ἔχοντας
362 1029 473 1114 ὑμῶν,
504 1030 560 1096 ἵνα
588 1032 632 1116 μή
660 1031 823 1114 θητεύητε
852 1033 945 1108 ὄντες
972 1031 1060 1096 ἐλεύ-

45 1140 143 1222 δεροι
175 1131 259 1220 μηδὲ
291 1137 349 1213 τδς
380 1135 555 1223 ἀλλοτρίας
587 1138 735 1220 κτήσεις,
768 1135 851 1203 ἀλλά
881 1139 941 1215 τὰς
975 1139 1063 1215 ίδίας

45 1251 223 1327 γεωργῆτε·
248 1242 290 1308 ού
311 1243 376 1328 μδρ
399 1241 442 1308 ἀν
465 1241 596 1326 γένοιτο
620 1246 777 1328 φρόνημα
798 1240 931 1326 εὐγενὲς
948 1242 986 1308 έυ
1004 1243 1062 1309 ἀν-

46 1349 166 1434 δράσιν
202 1346 445 1435 ἀπορουμένοις
480 1359 548 1416 τῶν
584 1343 664 1414 καθ’
696 1346 824 1435 ήμέραν
860 1349 1059 1432 ἀναγκαίων.
1070 1372 1098 1412 ιο

45 1453 126 1541 ὑπὲρ
141 1455 272 1522 ἅπαντα
291 1453 328 1521 δὲ
345 1453 438 1538 ταῦτ’
461 1458 569 1538 έγνων
587 1453 644 1521 καὶ
658 1459 735 1538 ίσην
748 1452 804 1520 καὶ
818 1455 936 1538 κοινήν
950 1466 1059 1522 ποιεῖν
1074 1457 1096 1521 9

45 1561 104 1644 τήν
126 1563 298 1628 πολιτείαν
321 1559 377 1628 καὶ
396 1563 437 1627 τὰ
456 1563 568 1628 δίκαια
586 1571 667 1628 πᾶσι
684 1562 770 1648 πρὸς
787 1562 934 1639 ἀπαντας
952 1561 1059 1646 ὅμοια.

46 1667 90 1744 είς
111 1677 212 1733 τοῦτο
234 1669 300 1754 γὰρ
322 1669 445 1753 ήκουσί
464 1692 552 1746 τινες
574 1668 772 1752 αὐθαδείας,
801 1662 887 1734 ὥσθ’
912 1668 1060 1754 ὑβρίζειν

46 1776 91 1853 είς
108 1777 147 1841 τὸ
167 1776 348 1861 δημοτικὸν
365 1775 497 1855 ἀξιοῦσι
513 1773 570 1842 καὶ
588 1773 669 1860 μηδ’
687 1773 889 1858 ἐλευθέρους
902 1773 1061 1858 ήγεϊσδαι

44 1885 121 1959 τοὺς
144 1881 287 1966 πένητας
310 1881 413 1967 ὑμῶν.
450 1882 506 1947 ἵνα
528 1879 566 1947 δέ
588 1879 643 1947 καὶ
666 1882 862 1967 λαμβάνωσι
883 1882 924 1945 τὰ
947 1881 1059 1946 δίκαια
1070 1909 1097 1950 ιε

44 1986 99 2053 καὶ
128 1987 296 2074 ὑπέχωσιν
324 1990 359 2054 οί
383 1989 514 2073 μείζους
540 1998 610 2065 τοῖς
632 1987 804 2056 έλάττοσιν
827 1985 861 2065 έξ
885 1991 976 2069 ίσου,
1003 1989 1059 2052 νό-

45 2117 130 2177 μους
150 2097 301 2180 θήσομαι
323 2095 473 2172 κωλυτὰς
496 2091 558 2179 μὲν
579 2102 638 2178 τής
660 2096 750 2177 βίας,
775 2094 927 2178 φύλακας
946 2090 983 2158 δέ
1001 2102 1060 2177 τῆς

46 2201 260 2285 δικαιοσύνης
277 2199 332 2266 καὶ
351 2201 451 2276 αὐτὸς
470 2197 594 2265 οὐδένα
612 2201 737 2284 χρόνον
757 2198 870 2282 ἀνήσω
884 2205 942 2280 τής
956 2197 1059 2262 ἀποίν-

44 2328 112 2371 των
133 2307 384 2394 προνοούμενος
408 2307 589 2389 ἰσηγορίας.

1 2429 44 2480 160
109 2413 148 2478 X.
185 2418 330 2479 Τοιαῦτα
353 2409 511 2495 λέγοντος
532 2409 637 2476 αὐτοῦ
659 2413 764 2487 πολύς
787 2413 922 2486 ἔπαινος
945 2409 981 2475 έκ
1001 2418 1094 2494 τηςεο

45 2517 215 2604 έκκλησίας
239 2516 369 2602 ἐγένετο
392 2507 467 2583 τῶν
483 2515 556 2602 μέν,
580 2517 631 2582 ὅτι
653 2519 768 2595 πιστὸς
790 2513 833 2600 ἦν
857 2514 912 2582 καὶ
931 2517 1059 2593 δίκαιος

46 2624 116 2710 περὶ
137 2627 219 2702 τοὺς
241 2623 425 2710 εὐεργέτας,
450 2622 689 2708 ἐπαινούντων,
712 2621 845 2706 τῶνδ’,
870 2623 921 2690 ὅτι
939 2623 1059 2707 φιλοίν-

43 2736 178 2817 δρωπος
205 2728 263 2796 καλ
290 2732 521 2816 μεγαλόψυχος
549 2732 596 2808 είς
622 2734 701 2808 τοὺς
729 2729 891 2815 ἀπόρους,
920 2724 1058 2811 τῶνδ’,

44 2836 88 2913 ὡς
118 2835 252 2923 μέτριος
282 2835 338 2902 καὶ
369 2837 549 2921 δημοτικὸς
574 2837 657 2922 πρὸς
686 2838 766 2913 τοὺς
793 2833 1057 2921 ταπεινοτέρους,

42 2942 197 3008 ἁπάντων
221 2941 267 3026 δ’,
291 2943 342 3007 ὅτι
364 2944 505 3027 νόμιμος
527 2940 584 3007 καὶ
607 2943 735 3019 δίκαιος
757 2943 881 3027 ἄρχων,
904 2940 1057 3024 ἀμαπών-
1067 2970 1093 3010 25

113 3142 127 3189 1
146 3155 176 3190 τε
195 3133 250 3206 γὰρ
268 3134 318 3188 καὶ
331 3133 435 3188 Reiske
451 3135 455 3202 Ι
471 3133 503 3188 τὸ
522 3132 592 3188 αάτδ
610 3131 769 3203 ηηοῦμαιΟ
806 3139 888 3186 τούτο
902 3129 1057 3199 ἡγούμενος

42 3205 165 3262 Sintenis
193 3207 254 3262 Em.
277 3204 359 3260 Dion.
383 3205 409 3258 H
429 3210 462 3259 13
562 3209 578 3257 8
602 3201 673 3274 μηδὲ
697 3201 822 3257 Sintenis
844 3199 952 3254 ibidem
974 3219 1001 3270 p.
1022 3207 1055 3256 12

40 3275 109 3344 μήτε
128 3277 150 3332 0
206 3283 223 3332 9
241 3274 358 3346 γένηται
375 3275 429 3327 ΑΒ
485 3281 518 3330 12
536 3275 619 3346 πᾶσι]
638 3273 728 3328 ἅπασι
741 3289 763 3326 ο.
780 3271 895 3326 Βανδίου
909 3271 944 3326 de
959 3271 1055 3341 Comp.

39 3347 124 3402 Verb.
138 3366 165 3418 p.
177 3353 230 3402 124
257 3346 371 3402 ἅπαντα
384 3345 437 3399 ΑΒ
492 3351 526 3398 14
540 3345 646 3427 μήτεΟ
695 3341 745 3414 ηδὲ
759 3343 863 3398 Reiske
879 3346 884 3412 Ι
901 3337 1056 3413 ἐλευθέρως

40 3417 64 3469 Β
137 3424 170 3473 15
188 3420 262 3489 ὑμᾶς
279 3418 332 3471 AB
351 3434 420 3472 corr.
441 3415 565 3470 Sintems
583 3418 643 3473 Em.
688 3415 744 3470 ion.
763 3416 790 3469 ΙΙ
810 3421 843 3470 13
865 3417 868 3482 Ι
891 3414 941 3469 καὶ
960 3414 1056 3469 om.B

41 3496 77 3542 17
94 3488 174 3558 δήσω
193 3505 216 3544 ο.
236 3488 360 3542 Reudler
376 3487 465 3542 Tiroc.
484 3506 512 3557 p.
527 3494 561 3542 32
