2384 3902
585 202 750 252 ..Ε-

157 361 240 443 στήν
277 360 361 444 ὅσην
392 363 561 448 παρόντας
591 371 664 437 ταῖς
696 363 897 446 στρατείαις,
936 359 1012 426 οὔτε
1044 360 1152 444 βλάβην

157 465 315 544 ἀπόντας·
345 466 609 551 ὑπομιμνήσκων
628 466 762 549 αὐτούς,
786 466 837 531 ὅτι
854 467 918 550 τήν
937 465 1077 550 ἐσχάτην
1092 466 1150 531 άπε-

156 573 329 657 λάμβαυου
347 572 384 639 ἐν
402 583 472 650 τοίς
489 571 647 656 πολέμοις
664 573 777 660 χώραν
796 573 832 638 οἰ
842 572 1062 657 τούλάχιστον
1077 575 1155 663 έχον-ι

114 671 117 678 ⁴
155 701 208 757 τες
230 677 291 745 τοῦ
314 681 392 762 βίου
414 681 549 764 τίμημα,
572 677 629 744 καὶ
651 679 703 744 ότι
725 681 922 763 προσθήκης
944 689 1067 763 μοῖραν
1083 679 1148 744 ἐπεί

127 802 217 869 εχου
245 779 339 851 οὗτοι
360 795 431 862 τοίς
454 784 491 851 ἐν
514 785 662 870 φάλαγγι
683 784 911 870 τεταγμένοις,
941 784 1148 868 καταπλήξεως

153 889 252 956 ἕνεκα
273 901 342 956 τῶν
364 895 534 976 πολεμίων
556 894 726 976 συνόντες,
750 883 804 958 οία
824 893 866 976 δή
885 887 993 975 μηδὲν
1012 889 1147 976 φέροντες

153 996 258 1062 ὅπλου
282 998 331 1062 ὅτι
355 998 400 1081 μή
423 999 624 1082 σφενδόνας,
648 991 696 1064 ὧν
714 997 888 1082 ἐλάχιστον
908 996 945 1064 ἐν
963 1008 1037 1072 ταῖς
1052 997 1147 1082 μάχαις

152 1096 238 1167 εἰναι
262 1104 391 1187 ὄφελος.

219 1225 369 1293 LXVIII.
406 1229 493 1304 Τοός
518 1223 550 1292 τ’
581 1230 757 1314 οἰκτείρειν
784 1229 846 1312 τήν
873 1229 994 1294 πενίαν
1021 1237 1085 1291 τῶν
1103 1249 1145 1290 το-

110 1353 138 1393 10
151 1341 253 1402 λιτῶν
275 1334 451 1415 ἀξιοῦντας
473 1332 529 1399 καὶ
552 1338 694 1418 βοηθεῖν
715 1345 786 1412 τοίς
808 1336 853 1419 μή
878 1333 1077 1418 δυναμένοις
1093 1334 1145 1397 δια-

149 1448 249 1507 λῦσαι
280 1443 320 1510 τά
349 1440 430 1528 χρέα
457 1450 705 1526 παραινοῦντας
732 1443 797 1525 ἔφη
826 1443 898 1506 δείν
926 1440 1096 1522 ἐξετάζειν,
1121 1440 1180 1502 τόθιλ

148 1570 229 1613 ποτε
246 1549 284 1613 τὸ
299 1549 481 1632 πεποιηκὸς
499 1543 542 1631 ήν
557 1547 680 1625 αὐτοὺς
693 1546 841 1632 ἀπόρους
854 1550 1000 1633 κλήρους
1013 1570 1048 1611 τε
1061 1567 1144 1628 παρα-

149 1656 328 1737 λαβόντας,
356 1653 416 1730 οὓς
443 1655 479 1719 οἰ
502 1652 640 1738 πατέρες
664 1653 775 1719 αὐτῶν
797 1652 991 1736 κατέλιπον,
1023 1650 1076 1717 καί
1094 1651 1143 1716 ἀπὸ

148 1769 216 1824 τῶν
243 1771 424 1844 στρατειῶν
450 1761 558 1826 πολλὰ
587 1759 839 1844 ὠφεληθέντας,
867 1756 923 1824 καί
946 1759 1030 1843 <ch)
1055 1763 1142 1824 τελευ

112 1882 139 1923 15
152 1874 227 1930 ταῖα
260 1863 296 1930 ἐκ
323 1873 381 1948 της
409 1867 634 1951 δημευθείσης
660 1877 729 1932 τῶν
755 1866 932 1951 τυράννων
961 1865 1074 1942 οὐσίας
1096 1865 1142 1946 τήν

148 1969 373 2052 ἐπιβαλοῦσαν
409 1983 532 2056 μοῖραν
568 1974 746 2055 λαβόντας·
794 1965 901 2037 ἔπειθ’
933 1970 994 2047 οὓς
1029 1967 1084 2055 μέν
1110 1968 1141 2032 δν

148 2075 252 2161 ὁρῶσι
274 2086 314 2162 τῇ
338 2076 457 2165 γαστρὶ
480 2076 535 2144 καὶ
557 2089 630 2155 ταῖς
652 2081 836 2164 αἰσχίσταις
854 2078 1009 2162 ἐζηκότας
1026 2077 1140 2161 ήδοναῑς

145 2180 201 2248 καί
232 2184 288 2248 διὰ
319 2180 410 2249 ταῦτ’
441 2184 688 2262 ἐκπεπτωκότας
714 2185 751 2251 ἐκ
777 2195 845 2250 τῶν
872 2187 973 2268 βίον,
997 2175 1140 2269 αἰσχύνας

144 2299 202 2374 τής
229 2292 357 2367 πόλεως
383 2293 531 2375 νομίζειν
557 2289 613 2356 καί
635 2291 775 2374 βλάβας,
803 2287 859 2355 καί
882 2288 967 2374 μέγα
990 2299 1036 2377 τῷ
1057 2295 1138 2374 κοινῷ
1177 2285 1178 2300 ’

103 2415 131 2456 ιο
144 2395 263 2482 κέρδος
293 2396 559 2481 ὑπολαμβάνειν,
596 2396 656 2462 ἐάν
688 2395 818 2473 ἑκόντες
850 2395 914 2461 ἀπὸ
947 2404 1006 2479 τῆς
1035 2398 1139 2468 πόλεως

144 2501 404 2586 ἀποφθαρῶσιν·
443 2502 502 2579 οὓς
534 2499 565 2568 δ’
592 2502 634 2568 άν
667 2503 899 2568 αἰσθάνωνται
926 2503 984 2566 διά
1011 2501 1137 2585 πονηράν

143 2608 248 2692 τύχην
271 2607 521 2687 ἀπολωλεκότας
538 2611 618 2687 τοὺς
636 2612 742 2693 βίους,
766 2608 801 2674 ἐκ
819 2617 887 2672 τῶν
907 2607 1005 2672 ἰδίων
1021 2607 1137 2679 τούτους

215 2835 351 2960 1τῖριις>
372 2835 475 2891 iuras.
496 2843 509 2891 1
530 2835 849 2908 οιτοιπραιιαιεο
921 2833 1133 2920 Ξῦπελάμβανοκ
1175 2861 1176 2866 =

143 2907 257 2962 Ocorr.
303 2908 381 2962 elske
463 2907 549 2962 3*τδ
569 2903 713 2978 ἐλάχιστον
733 2909 772 2989 ΟΙ
838 2907 1026 3049 evolsum?
1045 2903 1132 2992 ἔχθραν

142 2979 165 3032 Β
240 2972 311 3046 8ἦν
331 2978 473 3050 όφελοςΟ
511 2975 585 3033 εἷναι
604 2978 705 3049 δφελος
721 2978 826 3033 Relsko
890 2983 922 3031 11
942 2996 1001 3048 παρ
1023 2978 1133 3050 αι>υουν

141 3070 192 3113 τας
210 3049 258 3103 Bb
332 3056 364 3105 13
385 3047 538 3105 ἀπέλειπον
556 3050 603 3105 Ba
639 3049 777 3106 ἀπέλιπον
795 3049 871 3103 ABb
942 3054 975 3103 14
994 3047 1042 3102 καί
1057 3045 1132 3102 τδιτε

141 3177 258 3226 λεωταῖα
273 3172 445 3242 Grasberger
457 3173 535 3229 Τοεε.
549 3173 634 3227 Herb.
648 3191 675 3242 p.
692 3179 725 3229 18
761 3172 797 3228 τὰ
814 3190 866 3228 om.
887 3173 909 3228 0
967 3178 1000 3228 16
1018 3119 1132 3241 αυόήωειι

140 3241 187 3292 Ba
224 3239 260 3296 άν
279 3241 379 3310 δρωῖεν
397 3243 443 3295 Bb
482 3242 517 3296 ἀν
537 3243 621 3312 ὁρῶσι
639 3243 665 3296 R
733 3250 764 3298 17
784 3240 991 3313 κεχαρισμένως
1009 3245 1071 3297 ante
1088 3236 1132 3306 ἐζη

141 3308 226 3370 κότας
253 3313 388 3365 ουῦεεαιω
412 3328 472 3366 esso
500 3316 596 3367 οουεοι
622 3313 782 3382 Stephanus
807 3321 811 3380 Ι
837 3311 981 3384 ἐζηκότας]
1006 3309 1131 3382 ἐφεικόταε

59 3429 61 3434 ,
140 3391 169 3506 IoJ
184 3376 292 3496 Ilioagser
315 3381 386 3436 Am.
409 3382 479 3450 phil.
505 3388 573 3438 1866
596 3401 623 3452 p.
642 3389 677 3439 46
715 3439 719 3448 ,
768 3392 802 3440 20
829 3385 899 3457 ἀπὸ]
924 3381 956 3439 ἐκ
981 3384 1066 3438 Cobet
1082 3381 1130 3436 obs.
