2384 3902
559 193 726 240 -E..

131 355 258 416 πολλοῦ
282 351 433 436 θάρσους
455 347 626 436 προῄεσαν
649 349 685 415 έιι
708 358 770 415 τοῦ
793 350 939 434 χάρακος
957 343 1011 412 καὶ
1029 347 1150 430 συρρά-

132 456 246 536 ξαντες
267 469 338 535 τοίς
352 461 514 541 Σαβίνοις
532 457 695 542 ἐμάχοντο
715 458 979 532 πολλαπλασίοις
998 454 1189 529 ἐλάττουςνυ

131 565 168 630 έν
195 571 240 652 τῷ
269 569 412 649 θαρρεῖν
434 566 471 630 τὸ
495 564 614 629 πιστὸν
638 567 783 647 ἔχοντες·
816 561 873 627 καὶ
896 561 917 645 ἡ
941 561 1094 646 ἐμπειρία
1117 557 1151 625 δὲ

131 674 196 737 σὺν
218 680 266 759 τῷ
288 673 462 757 φιλοπόνῳ
486 671 592 752 πολλὴ
617 669 731 746 αὐτοῖς
754 677 910 754 παροῦσα
933 669 1060 744 παντὸς
1078 666 1151 750 ἐπή-

94 756 206 868 {reto
231 779 347 843 δεινοῦ
369 786 604 861 καταφρονεῖν.
650 786 782 862 πρῶτος
805 773 868 860 μὲν
893 769 956 840 οὖν
981 775 1000 841 ό
1023 777 1151 840 Ποστό-

130 907 206 969 μιος
232 885 270 949 τὸ
297 883 473 967 εὐώνυμον
496 884 582 967 ἔχων
604 880 703 968 κέρας
726 882 964 949 ἀναλύσασθαι
988 882 1051 966 τὴν
1074 902 1150 963 προ-

130 991 231 1076 τέραν
258 986 360 1074 ἧτταν
387 991 671 1076 προθυμούμενος
693 990 731 1054 τὸ
756 988 867 1067 δεξιὸν
891 998 960 1053 τῶν
983 990 1150 1072 πολεμίων

131 1095 253 1174 ἐξωθεῖ
281 1095 379 1182 κέρας
410 1099 574 1182 πρόνοιαν
606 1096 769 1181 οὐδεμίαν
801 1104 859 1178 τῆς
891 1093 1015 1161 ἑαυτοῦ
1046 1105 1151 1180 ψυχῆς

129 1204 219 1288 παρὰ
245 1203 283 1268 τὸ
311 1211 410 1268 νικᾶν
436 1204 653 1287 ποιούμενος,
682 1199 753 1267 ἀλλ’
777 1202 889 1285 ὥσπερ
913 1203 950 1267 οἱ
971 1205 1150 1287 μεμηνότες

92 1328 117 1368 1⁰
130 1308 186 1376 καὶ
221 1316 435 1386 θανατῶντες
467 1312 514 1386 είς
546 1308 669 1393 μέσους
700 1311 780 1386 τοὺς
811 1312 995 1393 πολεμίους
1027 1309 1150 1395 ῥιπτῶν

130 1416 264 1484 ἑαυτόν·
296 1420 407 1482 ἔπειτα
429 1414 485 1481 καί
508 1417 544 1482 οί
559 1419 625 1482 σὺν
642 1424 688 1507 τῷ
707 1419 872 1504 Μενηνίῳ
891 1416 1043 1503 θάτερον
1063 1419 1150 1502 ἔχον-

129 1547 183 1601 τες
200 1523 298 1609 κέρας
316 1524 498 1608 κάμνοντες
516 1524 581 1607 ἤδη
600 1521 656 1588 καὶ
675 1521 906 1608 ἐξωθούμενοι
922 1533 981 1607 τῆς
996 1524 1150 1606 στάσεως,

131 1632 175 1708 ὡς
199 1633 338 1715 ἔμαθον,
363 1630 414 1695 ότι
436 1640 554 1696 νικῶσι
578 1632 658 1707 τοὺς
679 1632 762 1696 κατὰ
785 1640 874 1714 σφᾶς
893 1630 930 1696 οἱ
944 1639 1007 1696 τοῦ
1023 1635 1149 1697 Ποστο·

130 1740 221 1821 μίου,
243 1740 474 1822 θαρρήσαντες
497 1738 545 1813 είς
568 1736 732 1803 ἀντίπαλα
754 1746 918 1822 χωροῦσι·
944 1735 1002 1803 καὶ
1026 1740 1148 1820 γίνεται

91 1860 116 1900 ιο
130 1851 197 1907 τῶν
229 1843 377 1927 κεράτων
410 1841 609 1928 ἀμφοτέρων
636 1854 706 1920 τοῖς
733 1846 898 1927 Σαβίνοις
925 1843 1147 1910 ἐκκλινάντων
1190 1829 1191 1916 λ

94 1951 235 2035 5τροπὴ
266 1953 437 2034 παντελής.
485 1946 566 2014 οὐδὲ
597 1951 661 2034 γὰρ
694 1951 730 2015 οί
755 1949 792 2016 έν
820 1948 905 2036 μέση
934 1959 974 2036 τῇ
1004 1951 1146 2036 φάλαγγι

129 2056 308 2142 ταχθέντες
326 2054 542 2141 ἐψιλωμένων
560 2065 628 2121 τῶν
646 2057 759 2142 ἀκρον
776 2059 824 2122 ἔτι
837 2056 1058 2144 παρέμειναν,
1078 2053 1145 2124 ἀλλ’
1188 2115 1189 2130 ,

128 2165 193 2230 ὑπὸ
216 2172 274 2246 τῆς
297 2161 400 2228 ἵππου
423 2172 480 2246 τῆς
499 2159 679 2247 Ῥωμαϊκῆς
702 2161 945 2248 ἐξελαυνούσης
969 2167 1054 2230 κατὰ
1075 2165 1147 2248 τέλη

128 2269 326 2355 βιασθέντες
349 2269 586 2353 ἀνεστάλησαν.
624 2278 735 2354 φυγῆς
754 2267 792 2335 δὲ
810 2271 947 2336 πάντων
965 2271 1147 2358 γενομένης
1187 2273 1188 2356 l

88 2396 115 2436 2⁰
129 2377 182 2444 ἐπὶ
217 2381 296 2455 τοὺς
332 2378 477 2464 χάρακας
514 2376 807 2460 ἀκολουθήσαντες
841 2378 877 2442 ολ
903 2374 1064 2463 Ῥωμαῖοι
1098 2375 1171 2444 aaz&

130 2487 403 2561 συνεισπεσόντες
426 2483 597 2568 ἀμφότερα
619 2484 851 2568 λαμβάνουσιν
874 2484 987 2552 αὐτῶν
1011 2488 1053 2553 τὰ
1078 2487 1144 2572 έρύ

129 2613 222 2674 ματα.
259 2601 319 2656 τοῦ
342 2587 379 2656 δὲ
402 2592 446 2676 μὴ
470 2588 617 2655 πανσυδὶ
640 2590 700 2655 τὸν
723 2601 790 2656 τῶν
809 2595 981 2677 πολεμίων
1001 2595 1143 2679 διαφθα-

129 2705 227 2782 ρῆναι
264 2699 406 2784 στρατὸν
438 2699 459 2780 ἥ
491 2721 526 2762 τε
562 2696 624 2776 νύξ
661 2699 750 2762 αίτία
782 2696 914 2782 ἐγένετο
947 2698 1005 2766 καὶ
1038 2702 1077 2767 τὸ
1110 2699 1141 2764 έν

129 2805 234 2892 οίκείη
264 2813 307 2890 γη
336 2805 374 2869 τὸ
402 2805 512 2881 πάθος
539 2803 654 2881 αὐτοῖς
681 2807 861 2888 συμβῆναι·
908 2803 995 2894 ῥᾷον
1024 2809 1088 2894 γάρ
1113 2806 1142 2871 οί

198 3041 214 3088 2
233 3038 449 3096 πολλαπλασίοις
467 3032 520 3087 ΑΒ
556 3035 647 3105 πολλῷ
661 3034 788 3088 πλείοσιν
804 3033 934 3090 Schnelle
952 3036 1050 3091 Exere.
1069 3055 1094 3106 p.
1109 3041 1135 3088 10

126 3114 144 3160 4
158 3106 321 3175 παροῦσαΟ
345 3114 483 3176 περιοῦσα
496 3121 520 3158 ο,
535 3103 660 3158 sintenis
674 3103 735 3159 Em.
750 3103 832 3160 Dion.
844 3105 870 3158 II
882 3111 915 3160 15
931 3109 935 3174 1
954 3103 1073 3179 ἐπήγετο
1087 3111 1134 3161 θει-

127 3173 366 3299 &ssssssssssssssss
381 3174 662 3300 33⁹⁰2v2'2fflss2
680 3175 848 3301 όῖλέῗὸίι·
865 3177 1132 3305 5⁰P⁰ss⁰1¹3⁸³32¹⁰ss

129 3313 151 3364 O
172 3267 239 3367 corf.
258 3315 401 3384 Kiesnling
488 3321 521 3368 14
539 3315 736 3384 θαρσήσαντες
753 3316 806 3370 ΑΒ
850 3289 856 3300 .
884 3290 932 3375 ‘125
953 3269 1128 3376 ἒκκλιύάνόόν

130 3380 182 3431 ΑΒ
203 3378 405 3461 ,ἐγκλινάντων
423 3386 448 3438 R
466 3386 542 3453 quod
561 3385 616 3439 def.
634 3386 766 3441 Hettlein
822 3396 853 3444 1⁷
875 3388 916 3445 ἔτι
934 3399 991 3446 τῶν
1012 3392 1034 3448 O
1053 3395 1131 3445 trans—

130 3451 226 3514 posmt
244 3451 366 3506 Smtenis
384 3455 444 3509 Em.
465 3454 546 3510 Dion.
560 3456 586 3509 II
602 3462 634 3510 15
