2384 3902
465 228 626 278 ..ς-

44 385 99 460 τδις
120 389 290 470 τιμωρίας,
315 385 353 463 ἃς
375 388 459 452 κατά
481 396 548 452 τῶν
572 385 774 452 ἐκλιπόντων
798 387 875 471 <οί>
898 384 975 472 περὶ
999 385 1056 450 αὐ-

44 501 106 554 τῶν
133 493 234 575 νόμοι
258 492 461 576 δεδώκασιν,
489 491 774 577 ἀναπράττεσθαι,
802 497 903 557 είκειν
927 490 964 556 δέ
987 504 1057 569 τοῖς

45 597 233 680 δημοτικοῖς
252 595 358 682 μηδέν
377 599 395 664 ὅ
413 621 446 662 τι
464 600 508 683 μὴ
529 600 660 664 δίκαιον
678 595 762 683 μηδὲ
782 599 926 682 δύναμιν
945 598 1057 676 αὐτοῖς

45 705 359 785 συγκατασκευάζειν
382 705 542 789 πονηράν.
588 705 655 769 Καὶ
678 706 741 789 γάρ
765 714 846 787 νῦν,
870 707 950 788 ἔφη,
973 687 1092 789 πέρα2

44 817 99 872 τοῦ
118 814 257 896 μετρίου
272 821 425 896 τρυφῶσι
443 816 547 876 τελῶν
563 809 747 896 ἀφειμένοι,
768 805 815 876 ών
835 810 969 876 ἐτέλουν
987 821 1084 888 τοῖςδ

44 919 214 998 βασιλεῦσι
237 920 418 1002 πρότερον,
447 917 591 982 καὶτῶν
615 919 662 993 είς
690 918 728 981 τὸ
757 928 851 1001 σῶμα
878 927 1056 1002 τιμωριῶν,

44 1015 90 1098 οἷς
113 1023 313 1102 ἐκολάζοντο
336 1019 394 1089 ὑπ’
417 1023 539 1108 αὐτῶν,
563 1024 661 1089 ὁπότε
684 1025 728 1108 μὴ
751 1023 874 1108 ταχέως
896 1023 1058 1108 ὑπηρετη-

44 1130 132 1195 σειάν
155 1153 188 1195 τι
207 1141 276 1194 τών
295 1129 569 1214 ἐπιταττομένων,
594 1129 767 1215 ἐλεύθεροι
784 1133 966 1213 γεγονότες.
999 1130 1059 1196 ἐὰν

45 1233 80 1298 δέ
103 1258 135 1300 τι
162 1247 363 1322 παρακινεῖν
391 1237 412 1320 ἢ
436 1241 641 1321 νεωτερίζειν
664 1235 924 1322 προενεχθέντες
947 1237 1057 1322 ἐπιβά-

46 1345 173 1426 λωνται,
194 1346 420 1428 κατείργωμεν
435 1343 558 1419 αὐτοὺς
572 1351 617 1430 τῷ
638 1351 874 1427 σωφρονοῦντι
892 1342 983 1428 μέρει
1001 1353 1058 1428 τῆς
1073 1358 1098 1396 10

45 1450 165 1526 πόλεως
196 1446 252 1514 καὶ
282 1439 470 1532 ὑγιαίνοντι
501 1453 631 1514 πλείονι
657 1459 718 1515 τοῦ
745 1459 929 1526 νοσοῦντος
952 1473 1058 1535 φανη-

45 1555 181 1643 σομένφ.
228 1556 368 1642 ὑπάρχει
398 1554 459 1640 μέν
489 1551 520 1638 γ’
547 1555 627 1640 ἡμῖν
657 1556 698 1621 οὐ
726 1557 826 1641 μικρά
855 1558 948 1641 ἰσχὺς
975 1555 1093 1642 πρδς3
1156 1561 1178 1590 ²·

12 1663 80 1724 σῦκά
106 1663 284 1748 πράγματα
307 1661 363 1734 καὶ
385 1661 406 1745 ἡ
429 1673 498 1726 τῶν
521 1665 703 1747 πατρικίων
726 1665 843 1745 νεότης
866 1661 997 1748 ἕτοιμος
1018 1666 1059 1728 τὰ

45 1772 242 1854 κελευόμενα
274 1780 398 1834 ποιεῖν·
441 1769 598 1854 μέγιστον
631 1765 668 1834 δὲ
700 1769 835 1833 πάντων
868 1771 973 1835 ὅπλον
1003 1768 1059 1835 καὶ

47 1875 372 1958 δυσκαταγώνιστον,
401 1863 428 1963 ᾧ
456 1876 621 1960 χρώμενοι
649 1873 775 1961 ῥᾳδίως
798 1875 1059 1962 ἐπικρατήσομεν
1074 1890 1099 1930 1⁵

45 1991 106 2044 τῶν
130 1983 332 2067 δημοτικῶν,
357 1983 394 2046 τὸ
418 1990 475 2064 τῆς
498 1983 621 2064 βουλῆς
639 1981 769 2065 κράτος,
793 1972 819 2068 ᾧ
839 1982 1059 2067 δεδιττόμεθα

47 2087 163 2165 αὐτοὺς
192 2089 273 2173 μετδι
300 2099 368 2152 τῶν
396 2088 511 2171 νόμων
540 2087 718 2170 ἱστάμενοι.
761 2086 819 2151 ἐάν
843 2082 873 2150 δ’
897 2087 1059 2154 ὑποκατα-

47 2196 234 2279 κλινώμεθα
272 2195 387 2270 αὐτοῖς
422 2202 480 2277 τῆς
513 2191 692 2275 ἀξιώσεως,
729 2204 863 2276 πρῶτον
895 2195 1059 2277 αἰσχύνην

48 2297 253 2384 ὀφλήσομεν,
286 2302 317 2366 εί
346 2301 456 2383 παρὸν
488 2298 525 2364 ἐν
558 2299 791 2384 ἀριστοκρατίᾳ
823 2299 1059 2364 πολιτεύεσθαι

50 2407 136 2494 δήμῳ
166 2409 208 2471 τά
234 2407 332 2471 κοινά
359 2403 591 2491 ἐπιτρέψομεν·
625 2408 735 2470 ἔπειτα
763 2398 794 2468 δ’
816 2405 869 2481 εἰς
897 2407 1059 2472 κίνδυνον
1075 2422 1101 2461 ²0

49 2513 85 2576 οὐ
110 2516 173 2579 τὸν
199 2511 372 2596 ἐλάχιστον
396 2509 532 2595 ἥξομεν,
563 2517 597 2576 εί
615 2535 664 2587 τις
687 2509 934 2594 ἐκθεραπεύσας
958 2513 1061 2578 αὐτὸν

49 2616 199 2695 ἐξουσίαν
222 2623 395 2704 κρείττονα
418 2630 485 2683 τῶν
508 2620 623 2703 νόμων
641 2618 921 2683 κατασκευάσαιτο
939 2641 1060 2705 τυραν-
1115 2635 1120 2646 ·

49 2727 134 2804 νικὸς
159 2725 256 2810 ἀνηρ,
279 2727 341 2809 την
365 2725 562 2809 ἐλευθερίαν
586 2719 686 2801 αὖθις
710 2724 945 2810 ἀφαιρεθῆναι.
986 2731 1061 2791 Τοι-

51 2911 254 3040 ἐθισμρφςῇδοί.
269 2916 420 2986 Kiesfflng,
438 2933 537 2971 vocem
552 2916 695 2984 quandam
709 2919 775 2985 post
792 2917 842 2971 καί
856 2916 995 2971 excidisse
1009 2935 1060 2987 pro

50 2991 119 3042 certo
161 3005 232 3042 aeo

116 3068 130 3113 1
153 3057 183 3113 ολ
200 3075 253 3112 om.
275 3058 297 3113 0
318 3058 382 3112 add.
403 3057 583 3113 casaubonus
657 3067 673 3113 4
692 3058 783 3128 πέραν
802 3057 824 3110 Β
898 3064 913 3111 9
934 3061 1061 3128 νεωτερί-

52 3131 102 3192 ζειν
120 3129 280 3198 ACngb
309 3129 629 3199 μετεωρίζεινΒΟΒΕο
686 3137 718 3185 10
738 3129 972 3199 καθείργωμενΒ
1028 3135 1060 3183 13

51 3201 95 3254 καί
117 3201 172 3256 del.
192 3200 337 3270 Kiessling
357 3203 361 3268 1
383 3195 497 3270 ἑτοίμως
515 3202 538 3254 Β
613 3208 645 3255 16
665 3202 860 3270 δεδιττώμεθα
877 3200 903 3253 A
924 3199 979 3253 def.
999 3200 1062 3270 Syl-

52 3269 118 3342 burg
192 3279 225 3326 17
245 3269 383 3344 ἷοταμένφ
403 3289 425 3326 ο.
445 3271 549 3326 Reiske
565 3277 569 3334 Ι
585 3271 846 3340 θποκλινώμεθαΒ
917 3277 948 3326 18
968 3272 1061 3327 αὐτῶν

53 3341 72 3393 0
107 3344 203 3406 αὐτοῖς
220 3343 326 3396 Reiske
343 3348 347 3412 Ι
363 3351 473 3412 πρῶτον
493 3341 544 3412 μὲν
564 3341 653 3398 Cobet
672 3341 737 3395 obs.
756 3361 784 3412 p.
801 3348 852 3395 116
917 3347 951 3396 20
971 3340 1059 3396 ἔπειτ’

54 3409 84 3466 δν
109 3413 194 3477 είςΟ
234 3411 331 3468 ἔπειτα
354 3409 383 3467 δ’
405 3412 445 3476 είς
466 3413 610 3482 Kiessling
652 3411 738 3468 ἔπειτ’
761 3411 801 3476 είς
824 3413 972 3466 Baumann
996 3414 1060 3469 obs.

54 3499 134 3550 gram.
155 3485 190 3539 de
208 3486 283 3539 mod.
303 3503 356 3539 usu
373 3502 401 3553 p.
417 3491 450 3537 33
522 3491 555 3538 21
576 3483 691 3555 ἥξοιμεν
710 3501 733 3539 ο.
752 3483 856 3538 Reiske
