2400 3912
463 233 628 284 -Ε-
992 233 1056 297 183

47 392 139 457 ἅπασι
166 388 407 477 κεχαρισμένας
429 393 644 475 φανήσεσθαι
667 393 726 470 τάς
750 393 945 477 διαλλαγάς,
976 393 1056 459 ἀπο-

45 495 163 563 στέλλει
181 499 387 584 πρεσβευτάς
405 497 442 564 ἐκ
459 508 528 564 τῶν
547 499 647 565 ίδίων
663 502 774 584 φίλων
788 503 866 576 τοὺς
880 499 1056 584 ἀναγκαιο-

44 604 163 680 τάτους.
209 600 299 680 τινὲς
331 599 392 688 μὲν
425 599 488 670 οὖν
521 620 605 690 φασι
634 603 691 672 καὶ
718 607 777 671 τὸν
804 607 963 674 Μούκιον
989 607 1055 691 ἅμα

44 711 166 788 τούτοις
189 709 418 794 ἀποσταλῆναι
442 711 544 776 δόντα
566 713 628 795 την
651 715 764 778 πίστιν
787 720 833 799 τῷ
858 715 991 796 βασιλεῖ
1006 710 1051 778 δι’

45 817 144 899 ὅρκων
166 813 252 902 ὑπὲρ
275 824 338 882 τοῦ
360 817 462 882 πάλιν
481 816 692 884 ἐλεύσεσθαι·
715 818 822 904 ἕτεροι
842 816 879 884 δδ
897 817 1081 902 λέγουσινῡ

44 922 173 1009 ὅμηρον,
198 922 261 1000 ἕως
281 923 319 988 αλ
335 925 512 1007 διαλλαγαὶ
529 922 705 1009 γένωνται,
728 926 788 991 τὸν
807 926 915 1011 ἀνδρα
932 934 1054 992 τοῦτον

44 1027 75 1092 ἐν
95 1037 140 1116 τῷ
160 1027 376 1118 στρατοπέδω
396 1031 640 1114 φυλάττεσθαι·
662 1029 717 1098 καὶ
735 1028 807 1117 τάχ’
829 1030 872 1096 ἀν
890 1037 941 1116 είη
958 1028 1050 1098 τοῦτ’

15 1134 270 1223 οεάληθέστερον.
304 1135 436 1204 ἐντολαὶ
457 1134 489 1202 δ’
506 1133 604 1222 ἦσαν,
628 1137 666 1216 ἀς
685 1140 787 1205 ἔδωκε
803 1147 875 1214 τοις
892 1142 1052 1223 πρεσβευ-
1068 1139 1089 1203 3

42 1251 105 1318 ταῖς
134 1241 153 1308 ὁ
182 1243 356 1326 βασιλεύς,
386 1245 527 1310 τοιαίδε·
569 1241 655 1329 Περὶ
689 1241 750 1328 μὲν
781 1245 934 1310 καθόδου
970 1249 1054 1329 Ταρ-

42 1351 158 1414 κυνίων
178 1347 308 1433 μηδένα
326 1357 499 1416 ποιεῖσθαι
518 1353 633 1434 λόγον,
655 1353 696 1416 τά
715 1347 752 1416 δὲ
771 1353 920 1435 χρηματα
939 1351 1053 1427 αὐτοῖς
1068 1369 1094 1408 10

43 1453 149 1532 ἀξιοῦν
175 1455 406 1544 ἀποδοθῆναι,
436 1457 576 1541 μάλιστα
599 1454 661 1541 μὲν
683 1458 813 1522 ἅπαντα
835 1458 899 1522 ὅσα
925 1459 1053 1538 Ταρκύ-

42 1563 105 1638 νιός
118 1556 156 1628 θ’
170 1561 190 1627 ὁ
206 1563 434 1648 πρεσβύτατος
447 1561 600 1628 κατέλιπε
613 1559 669 1628 καὶ
684 1560 780 1628 αὐτοὶ
794 1564 859 1628 σὺν
872 1570 919 1650 τῷ
934 1563 1052 1650 δικαίῳ

43 1669 246 1753 κτησάμενοι,
258 1667 431 1754 κατέσχον
463 1671 494 1734 εί
516 1665 553 1734 δὲ
580 1673 625 1753 μη
650 1663 682 1752 γ’
704 1668 767 1734 ὅσα
790 1669 917 1734 δυνατὰ
941 1668 1053 1755 ἀγρῶν

42 1773 145 1844 τεκαὶ
169 1776 288 1848 οίκιῶν
309 1772 365 1842 καὶ
388 1775 608 1860 βοσκημάτων
630 1773 686 1840 καὶ
707 1769 755 1842 ὧν
775 1774 811 1841 ἐκ
828 1783 890 1859 γῆς
908 1773 1053 1861 ἀνῄρην-

41 1903 87 1946 ται
108 1893 247 1967 καρπῶυ
269 1883 329 1958 τὰς
351 1881 453 1971 ἀξίας,
478 1879 644 1967 ὁποτέρως
667 1879 709 1948 ἀν
732 1881 846 1959 αὐτοῖς
871 1880 950 1967 δόξη
969 1897 1052 1967 συμ-
1067 1898 1093 1940 1⁵

41 1986 160 2074 φέρειν,
180 1988 241 2056 έάυ
258 2011 293 2056 τε
311 1989 392 2065 τούς
409 1986 606 2073 κατέχοντας
624 1988 707 2054 αύτδ
724 1986 781 2054 καὶ
799 1987 1053 2074 καρπουμένους

42 2093 219 2182 εἰσφέρειν,
251 2093 312 2160 ἐάν
338 2089 367 2160 τ’
393 2093 430 2160 ἐκ
460 2103 522 2160 τοῦ
551 2095 715 2178 δημοσίου
744 2096 903 2162 διαλύειν.
949 2096 1088 2161 ταῦτα4

43 2197 95 2282 μὲν
117 2197 202 2287 ὑπὲρ
222 2200 370 2283 ἐκείνων,
395 2198 500 2287 ἑαυτῷ
520 2197 553 2264 δ’
576 2201 743 2266 αἰτεῖσθαι
762 2199 971 2288 διαλυομένῳ
990 2203 1052 2286 την

43 2309 160 2393 ἔχθραν
192 2309 273 2384 τοὺς
299 2304 528 2391 καλουμένους
550 2301 651 2370 Ἑπτὰ
677 2306 818 2389 πάχους·
851 2307 934 2391 αύτη
966 2311 1051 2393 Τυρ-

43 2425 146 2496 ρηνῶν
168 2412 191 2497 ἡ
214 2413 306 2501 χώρα
329 2414 367 2478 τδ
390 2413 530 2498 ἀρχαῖον
552 2407 606 2495 ἦν,
625 2407 781 2496 Ῥωμαῖοι
800 2409 830 2477 δ’
854 2412 959 2496 αύτην
977 2436 1051 2478 κατ·
1066 2431 1093 2470 2⁰

42 2515 132 2603 ε’σχου
159 2519 294 2607 πολέμῳ
320 2521 402 2597 τούς
430 2521 566 2603 ἔχοντας
589 2518 810 2602 ἀφελόμενοι·’
840 2516 896 2584 καὶ
918 2519 974 2585 ἵνα
997 2518 1049 2604 μέ-

43 2641 118 2690 νωσι
130 2622 287 2711 Ῥωμαῖοι
305 2630 493 2713 Τυρρηνοῖς
514 2623 644 2710 βέβαιοι
662 2628 767 2711 φίλοι,
790 2627 912 2702 παῖδας
930 2625 966 2692 ἐκ
984 2637 1052 2692 τῶν

44 2729 307 2816 έπιφανεστάτων
340 2734 456 2798 οίκιῶν
487 2734 567 2809 τοὺς
599 2731 847 2818 ὁμηρεύσοντας
882 2729 963 2818 ὑπὲρ
994 2742 1052 2816 τῆς

44 2840 161 2916 πόλεως
184 2841 290 2904 αίτείν
313 2835 390 2924 παρ’
413 2838 534 2905 αὐτῶν.

102 2945 236 3012 XXXII.
265 2941 484 3031 Ἀφικομένης
510 2941 548 3010 δὲ
574 2954 633 3029 τῆς
659 2948 836 3032 πρεσβείας
859 2948 906 3022 είς
923 2941 1051 3029 Ῥώμην
1065 2959 1092 3000 25

44 3048 62 3130 ἡ
83 3054 184 3137 βουλὴ
208 3048 271 3137 μὲν
294 3051 480 3136 ἐψηφίσατο
505 3053 700 3139 Ποπλικόλᾳ
722 3048 856 3139 θατέρῳ
879 3062 946 3116 τῶν
968 3049 1049 3115 ὑπά-

109 3208 270 3280 ὁδρκουΒ
326 3205 395 3263 δαί
411 3207 604 3278 διαλλαηαλΑ
640 3206 673 3264 αλ
689 3226 742 3264 om.
761 3209 784 3262 B
804 3207 839 3263 διν
858 3206 1007 3276 διαλλαγαί
1025 3206 1051 3259 R

48 3279 200 3337 9καθύδου
220 3296 242 3334 ο.
262 3277 366 3334 Reiske
403 3277 515 3336 εἰσόδου
535 3280 557 3335 0
579 3333 581 3338 ,
619 3288 652 3336 12
671 3280 857 3352 πρεσβύτερος
879 3295 902 3334 ο.
920 3277 1050 3332 Herblein

47 3345 151 3406 Hermes
170 3352 196 3406 X
215 3356 270 3406 414
343 3356 375 3406 18
395 3349 426 3406 δὲ
446 3349 590 3406 αἰτεῖσθαι
608 3351 685 3407 ABb
723 3353 882 3406 διαιτίσθαι
899 3349 945 3404 Ba
1015 3356 1049 3405 22

44 3415 176 3491 Ῥωμαίοις
197 3421 339 3493 Τυρρηνοὶ
357 3420 435 3476 ABG
452 3425 456 3489 Ι
473 3424 591 3494 βεβαίως
615 3440 637 3477 ο.
659 3421 783 3477 Sintenis
802 3421 862 3477 Em.
882 3419 964 3475 Dion.
983 3421 997 3474 Ι
1017 3427 1048 3474 11

49 3496 77 3546 λδ
94 3491 181 3569 μλ<ν>
201 3499 271 3549 2-3
290 3493 346 3548 litt.
366 3507 437 3548 eras.
456 3491 502 3546 Bb
519 3500 523 3560 Ι
540 3489 700 3563 ἐψηφίσατο
718 3493 765 3548 Ba
