2394 3912
135 197 201 262 390
563 197 725 250 -ς-

134 357 377 444 ἐπιτηδεύματα
400 362 523 444 νόμιμα
545 363 608 444 τήν
630 382 665 424 τε
688 360 793 442 ἀλλην
816 357 949 443 ἀρετήν,
967 357 1011 442 ἣν
1029 358 1140 422 πολλά-

99 470 120 534 3
135 489 186 542 κις
208 465 428 544 ἀπεδείξασθε
445 464 502 531 καὶ
519 465 557 531 ἐν
576 468 691 552 είρήνή
710 463 766 531 καὶ
784 466 866 531 κατὰ
883 463 1057 548 πολέμους,
1091 462 1185 529 mamas

134 577 168 636 εί
191 595 223 638 τι
248 568 292 637 δι’
315 573 464 658 ἀνάγκην
486 581 544 657 τῆς
566 576 706 649 πίστεως
728 570 785 638 καὶ
807 570 941 648 ἐλπίδος
962 573 1004 636 τὰ
1026 573 1141 656 συμβό-

134 683 211 744 λαια
238 690 352 765 κοινῆς
379 680 643 766 ἐπανορθώσεως
669 680 778 764 τύχοι,
806 680 847 744 τδ
874 686 959 763 γοῦν
988 679 1070 743 ἀλλα
1095 700 1140 742 πι-

113 785 296 870 ιστεόομεν
328 786 408 872 ὑμῖν
441 789 579 852 ἔσεσθαι
607 787 759 871 ἀγαθοὺς
790 783 847 851 καὶ
874 781 976 850 οὐδὲν
1004 786 1139 868 δεόμεθα

135 892 211 956 οὔτε
244 892 355 978 ὅρκων
388 893 465 959 οὔτε
497 893 633 978 ὁμήρων
660 892 738 958 οὔτε
765 892 868 974 ἀλλής
894 895 1035 968 πίστεως
1061 892 1140 976 παρὰ

133 1007 195 1064 τοῦ
213 1002 366 1083 πλήθους
385 999 555 1084 οὐδεμιᾶς·
578 998 659 1084 ὑμῖν
677 997 791 1083 μέντοι
809 1021 847 1081 με
865 999 949 1083 πρὸς
967 993 1068 1064 οὐδὲν
1081 1009 1140 1062 τῶν

134 1102 342 1189 ἀξιουμένων
361 1105 642 1191 ἐναντιωσόμεθα.
679 1102 828 1191 καὶπερὶ
846 1101 909 1190 μὲν
926 1113 985 1188 τῆς
998 1108 1140 1186 πίστεως,

135 1205 189 1294 ἐφ’
207 1199 227 1297 ᾖ
251 1212 443 1294 διαβάλλειν
460 1211 546 1296 ἡμᾶς
564 1217 714 1298 Βροῦτος
732 1210 902 1297 ἐπεχείρει,
921 1220 1025 1276 ταῦτα
1043 1211 1141 1276 ἱκανά.

99 1340 125 1379 10
136 1319 167 1382 εί
193 1316 233 1382 δέ
258 1341 307 1395 τις
334 1319 416 1403 ὑμῖν
443 1321 576 1402 φθόνος
599 1319 640 1385 οὐ
665 1320 793 1395 δίκαιος
816 1317 997 1402 ἐγκάθηται
1019 1319 1143 1402 πονηρὰ

133 1421 209 1508 περὶ
236 1433 294 1508 τῆς
322 1428 446 1510 βουλῆς
474 1427 687 1490 διανοεῖσθαι
714 1429 859 1506 πείθων,
888 1424 1055 1509 βούλομαί
1074 1447 1142 1490 τινα

133 1528 189 1594 καὶ
219 1531 303 1615 πρὸς
332 1541 453 1597 τοῦτον
480 1533 585 1598 είπείν
613 1535 732 1615 λόγον,
763 1526 968 1615 ὦδημόται·
1004 1534 1064 1596 καί
1083 1553 1142 1616 μου

133 1637 217 1722 πρὸς
239 1642 331 1703 θεῶν
353 1635 431 1723 μεθ’
451 1640 591 1724 ἡσυχίας
612 1638 667 1704 καὶ
690 1647 857 1725 προσοχῆς
879 1637 1050 1704 ἀκούσατε.

201 1759 380 1827 LXXXVI.
409 1761 524 1828 Ἔοικέ
552 1787 622 1839 πως
654 1763 853 1849 ἀνθρωπείῳ
886 1763 1014 1845 σώματι
1043 1764 1142 1837 πόλις.

99 1887 125 1927 ιε
136 1866 303 1933 σύνθετον
330 1869 396 1954 γὰρ
423 1867 479 1934 καὶ
507 1869 543 1934 ἐκ
569 1874 703 1935 πολλῶν
731 1881 842 1954 μερῶν
865 1863 964 1933 ἐστιν
978 1866 1142 1953 ἑκάτερον

133 1971 190 2038 καὶ
213 1973 290 2039 οὔτε
314 1976 459 2059 δύναμιν
482 1979 549 2060 ἔχει
572 1975 711 2042 ἕκαστον
733 1975 796 2058 τήν
819 1975 924 2058 αὐτήν
947 1984 1015 2039 τῶν
1033 1973 1072 2039 ἐν
1091 1973 1143 2038 αά

99 2081 203 2158 2τοίς
235 2091 345 2165 μερῶν
378 2081 455 2146 οὔτε
487 2084 599 2167 χρείας
626 2077 801 2167 παρέχεται
828 2082 886 2157 τὰς
919 2087 1002 2157 ίσας.
1047 2083 1082 2145 εί
1107 2081 1143 2162 δή

133 2188 231 2271 λάβοι
253 2189 293 2252 τά
316 2186 399 2272 μέρη
422 2197 483 2252 τοῦ
506 2187 722 2274 ἀνθρωπείου
745 2188 895 2272 σώματος
918 2190 1011 2253 ίδίαν
1028 2193 1144 2269 αἴσθη-

133 2310 189 2358 σιν
220 2290 298 2358 καθ’
327 2294 410 2358 αὑτά
438 2292 494 2359 καὶ
522 2297 657 2378 φωνήν,
690 2298 801 2359 ἔπειτα
829 2294 942 2370 στάσις
970 2294 1007 2359 ἐν
1034 2294 1144 2370 αὐτοῖς

98 2421 124 2460 20
135 2399 270 2484 ἐμπέσοι
301 2395 380 2465 καθ’
406 2401 444 2465 ἓν
472 2399 667 2485 γενομένοις
697 2411 767 2477 τοῖς
794 2403 907 2478 ἄλλοις
934 2401 1037 2466 ἀπασι
1068 2404 1181 2488 πρὸςθ3

132 2508 195 2590 τήν
216 2507 360 2593 γαστέρα
383 2509 502 2592 μόνην,
524 2506 581 2573 καὶ
599 2506 728 2592 λένοιεν
748 2509 784 2572 οί
799 2503 860 2592 μὲν
877 2509 989 2590 πόδες,
1012 2507 1064 2573 ὅτι
1084 2517 1145 2572 πᾶν

133 2610 183 2678 ἐπ’
206 2614 320 2691 αὐτοῖς
347 2613 506 2679 ἐπίκειται
532 2615 570 2678 τὸ
598 2625 706 2698 σῶμα
739 2615 777 2679 αί
801 2610 839 2679 δὲ
866 2627 989 2700 χεῖρες,
1016 2613 1071 2679 ὅτι
1093 2616 1145 2690 τὰς

132 2719 248 2804 τέχνας
274 2721 467 2806 ἐργάζονται
489 2718 545 2785 καὶ
567 2720 760 2804 τάπιτήδεια
784 2720 994 2803 ἐκπορίζουσι
1014 2719 1073 2785 καὶ
1091 2721 1145 2806 μά-

132 2850 247 2911 χονται
270 2831 440 2911 πολεμίοις
462 2825 517 2892 καὶ
539 2829 622 2892 ἀλλα
641 2829 748 2892 πολλὰ
767 2827 967 2912 ὠφελήματα
985 2826 1144 2913 παρέχου-

93 2951 119 2990 25
133 2953 189 2999 σιν
212 2936 259 3012 είς
280 2935 318 2999 τὸ
342 2936 471 3000 κοινόν·
495 2934 531 2998 οί
552 2931 589 2999 δὲ
612 2929 707 3020 ὦμοι,
731 2935 782 2998 ὅτι
800 2935 841 2998 τά
859 2935 948 3018 ἀχθή
966 2934 1079 3000 πάντα
1097 2933 1140 3001 ἐπ’

204 3185 220 3230 3
246 3180 323 3232 εἴτε
342 3178 395 3231 ΑΒ
432 3180 463 3232 εί
480 3197 507 3232 τι
525 3177 629 3233 Reiske
653 3182 658 3248 1
684 3173 795 3243 ἐλπίδος
817 3179 853 3233 τὰ
871 3179 949 3234 ABb
988 3175 1145 3253 ἐλπιήήήίστα

133 3247 181 3300 Ba
251 3247 428 3317 ῶάγαθδιθ
466 3249 595 3318 ἀχαθοδς
612 3249 716 3304 Reinke
796 3246 1144 3322 8ἐναντιωθησόμεθαΒ

132 3313 396 3402 9ἐπεχείρειΑΒκ
432 3314 571 3388 ἐπιχειρεῖ
579 3319 626 3373 Bb
683 3327 715 3375 15
735 3320 783 3375 καί
798 3320 852 3376 del.
868 3322 959 3376 Cobet
973 3322 1041 3378 Ob.
1079 3330 1145 3378 ‚130

136 3391 168 3436 18
188 3386 275 3507 μερηή)
290 3385 358 3454 μέλη
383 3405 405 3443 ο.
425 3387 563 3442 ΒῶοΙιεΙετ
636 3395 668 3442 19
688 3386 735 3444 ἐπὶ
753 3391 803 3455 τάς
821 3390 933 3456 στάσεις
950 3393 1023 3465 Ba}
1061 3415 1078 3448 ν
1098 3395 1146 3448 del

135 3449 235 3504 Garrer
277 3453 317 3509 be.
337 3474 364 3523 p.
381 3462 412 3510 11
486 3465 519 3512 23
539 3457 594 3512 *τά
614 3453 801 3529 ἐπιτήδειαΟ
