2384 3902
460 207 626 258 „1:-

38 364 123 428 πιίνυ
147 364 333 449 ἀναγκαίαν
354 365 572 452 ὑπάρχουσαν
596 368 685 453 ὁρῶν
707 370 768 453 τήν
791 371 921 435 τούτων
944 372 1052 455 μύθη-

8 486 105 553 τισιν,
134 471 192 536 ίνα
218 471 487 558 παραδείγμασιν
514 476 622 559 ἔχοιεν
649 477 733 561 πρὸς
759 477 799 541 τδι
823 481 1051 561 συμβαίνοντα

38 583 190 660 χρῆσθαι.
236 574 279 663 ἦν
307 574 338 645 δ’
366 580 384 646 ὁ
412 585 534 667 τρόπος
555 591 613 666 τῆς
636 584 831 666 συλλήψεως
852 594 920 650 τῶν
943 583 1088 651 ‹tvvm-2

39 694 160 770 μοτῶν,
189 685 231 751 ὃν
254 685 387 772 ἐξεῦρεν
410 687 429 754 ὁ
452 688 591 772 ύπατος,
619 690 760 754 τοιόσδε.
808 700 875 755 τῶν
898 695 1050 776 μετεχόν-

39 813 100 854 των
138 800 199 857 τοῦ
236 795 456 876 βουλευτικοῦ
488 795 668 880 συνεδρίου
700 798 779 872 τοὺς
811 795 1072 881 ἀκμαιοτάτουςε

39 895 266 983 ἐπιλεξάμενος
293 898 465 966 ἐκέλευσεν
494 901 622 985 αὐτοῖς,
651 902 732 968 ὅταν
760 903 886 987 λάβωσι
908 905 946 968 τὸ
971 905 1050 970 σύν-

38 1009 127 1089 θημα
147 1007 238 1090 ,μετὰ
265 1016 333 1072 τῶν
360 1007 567 1073 πιστοτάτων
594 1011 704 1093 φίλων
731 1032 766 1074 τε
793 1008 849 1074 καὶ
877 1021 1050 1094 συγγενῶν

38 1113 110 1188 τούς
138 1111 305 1199 ἐρυμνοὺς
331 1122 390 1198 τής
416 1117 544 1192 πόλεως
570 1115 818 1200 καταλαβέσθαι
842 1118 980 1200 τόπους,
1013 1116 1050 1182 ἐν

40 1211 83 1294 οἷς
112 1219 297 1304 ἐτύγχανον
325 1219 457 1286 ἕκαστοι
484 1222 542 1298 τὰς
570 1223 714 1304 οἰκήσεις
736 1224 880 1307 ἔχοντες·
916 1234 986 1300 τοῖς
1008 1221 1046 1288 δ’

39 1325 168 1390 ἱππεῦσι
186 1337 345 1412 προεῖπεν
365 1325 402 1392 ἐν
420 1336 491 1404 ταῖς
510 1326 788 1410 ἐπιτηδειοτάταις
806 1340 873 1395 τῶν
891 1327 968 1414 περὶ
985 1330 1086 1412 τήνω

39 1431 160 1518 ιἰγορδιν
184 1435 300 1499 οἰκιῶν
322 1432 512 1519 περιμένειν
535 1438 649 1520 ἔχουσι
670 1434 748 1520 ξίφη
768 1433 823 1500 καὶ
841 1445 961 1518 ποιεῖν,
980 1435 998 1500 δ
1017 1458 1050 1500 τι

40 1537 75 1602 δν
98 1539 213 1618 αὐτοῖς
235 1543 363 1628 κελεύη.
401 1543 456 1608 ἵνα
480 1539 517 1608 δὲ
540 1539 649 1626 μηδὲν
673 1542 710 1609 ἐν
733 1550 772 1628 τῇ
796 1544 958 1625 συλλήψει
981 1542 1083 1607 των3

38 1651 179 1712 πολιτῶν
211 1651 454 1735 νεωτερίσωσιν
482 1650 517 1715 οί
542 1653 765 1736 προσήκοντες
793 1649 905 1726 αὐτοῖς
932 1648 953 1732 ή
980 1658 1047 1713 τῶν

40 1753 144 1817 ἀλλων
172 1750 260 1831 τινὲς
284 1760 430 1821 πολιτῶν
454 1753 535 1840 μηδ’
558 1755 714 1841 ἐμφύλιοι
738 1757 794 1821 διὰ
817 1758 878 1841 τήν
900 1756 1048 1843 ταραχήν

39 1861 158 1943 ταύτην
186 1859 350 1945 γένωνται
378 1865 494 1946 φόνοι,
525 1863 698 1948 γράμματα
726 1862 856 1949 πέμψας
883 1865 966 1948 πρὸς
988 1864 1047 1928 τὸν
1057 1881 1085 1922 1⁵

40 1964 86 2030 ἐπὶ
109 1975 166 2051 τῆς
188 1970 383 2055 πολιορκίας
405 1978 463 2053 τῆς
488 1969 683 2053 Φιδηναίων
700 1968 902 2053 τεταγμένον
920 1970 1048 2035 ὕπατον

40 2069 204 2138 ἐκέλευσεν
232 2073 417 2160 ἀρχομένης
441 2084 499 2160 τῆς
521 2077 641 2153 νυκτὸς
663 2077 788 2158 ἀγοντα
811 2077 848 2141 τὸ
871 2075 1048 2162 κράτιστον

39 2188 90 2262 τῆς
121 2189 276 2266 στρατιᾶς
310 2183 403 2264 ήκειν
436 2180 489 2248 ἐπὶ
520 2182 582 2266 τήν
609 2186 709 2248 πόλιν
736 2180 791 2248 καὶ
818 2184 960 2267 πλησίον
986 2190 1047 2247 τοῦ

39 2288 160 2370 τείχους
183 2287 220 2352 ἐν
244 2288 363 2376 ὀρεινῷ
387 2290 476 2375 τόπφ
500 2287 626 2354 θέσθαι
648 2290 689 2354 τὰ
712 2289 806 2354 δπλα.

101 2392 203 2460 LVII.
231 2396 578 2481 Παρασκευασάμενος
601 2392 639 2461 δὲ
661 2405 764 2461 ταῦτα
786 2404 857 2472 τοῖς
879 2395 1046 2479 μηνύσασι
1056 2413 1084 2452 20

8 2499 96 2582 Ιεοιήν
114 2499 232 2582 πρᾶξιν
251 2495 323 2566 εἶπε
338 2550 435 2567 .....
441 2551 452 2586 ,
474 2504 557 2588 πρὸς
575 2505 653 2580 τοὺς
671 2502 836 2588 ήγεμόνας
853 2511 920 2567 τῶν
939 2517 1047 2568 συνω-

42 2617 145 2688 μοτῶν
166 2607 260 2691 ήκειν
283 2609 331 2684 είς
354 2608 415 2692 τήν
434 2607 561 2694 ἀγορὰν
579 2605 775 2694 περὶμίσας
792 2610 924 2692 νύκτας,
944 2610 1047 2692 ἀγον-

40 2735 93 2789 τας
110 2706 158 2790 οἷς
177 2714 319 2799 μάλιστα
337 2715 533 2780 πιστεύουσι
551 2725 618 2781 τῶν
637 2713 787 2802 ἑταίρων,
807 2715 852 2793 ὡς
870 2715 939 2783 ἐκεῖ
954 2715 1047 2795 τύξιν

41 2842 70 2884 τε
100 2820 152 2886 καὶ
184 2822 298 2907 χώραν
331 2819 387 2886 καί
420 2823 579 2906 σύνθημα
606 2821 832 2907 ληψομένους,
864 2821 919 2889 καὶ
947 2822 967 2889 δ
995 2824 1049 2888 δεῖ

577 2993 604 3038 ιιό

107 3049 253 3120 ΙδρῶνΒ
291 3049 346 3120 ὁρῶ
364 3050 390 3103 R
445 3055 648 3121 3οονωμοτων
667 3051 713 3104 Bb
769 3051 890 3106 everha
909 3045 940 3105 ἐν
960 3049 1044 3114 οἷς-

44 3115 141 3186 ἔχοντες
159 3119 283 3176 Sintenis
294 3121 354 3177 Em.
364 3119 446 3176 Dion.
462 3121 518 3176 119
536 3121 699 3192 ’nransponik
713 3124 779 3176 ante
793 3119 954 3193 περιμένειν
970 3141 993 3174 v.
1012 3128 1044 3176 11

43 3191 204 3262 παραμένειν
228 3209 251 3247 ο.
272 3192 394 3262 Sylburg
476 3198 510 3246 14
528 3197 648 3248 πολιτῶν
672 3201 840 3264 συνωμοτῶν
864 3209 886 3249 ο.
905 3192 1045 3246 ΒύολιεΙετ

44 3266 74 3314 15
90 3264 188 3334 ταύτην
207 3263 272 3318 add.
287 3263 311 3316 B
366 3270 398 3318 21
420 3265 486 3317 ante
505 3261 584 3333 ήκειν
600 3265 824 3320 subaudiendum
838 3279 900 3319 esse
914 3264 1044 3319 ἀνειπεῖν

43 3331 84 3384 vel
99 3335 260 3406 ἀναγγεῖλαι
277 3334 324 3389 vel
339 3334 431 3389 simile
451 3333 519 3402 quid
534 3352 556 3390 ο.
575 3336 704 3406 Sylburg,
723 3336 855 3390 lacunam
874 3334 1046 3404 significavit

43 3400 173 3476 Kiesug
209 3404 301 3461 εἰπεῖν
328 3404 480 3477 προςέταξε
508 3407 639 3462 addenda
662 3424 723 3462 esse
747 3410 841 3462 censet
864 3406 952 3461 Cobet
978 3406 1044 3461 Obs.

44 3489 69 3539 p.
87 3483 129 3531 103
200 3483 235 3532 23
255 3478 434 3532 πιστεύσουσι
451 3477 475 3529 Β
491 3479 495 3546 ξ
512 3472 614 3548 ἕτίρων
633 3479 658 3532 A
695 3472 860 3552 ἕτ<αί>ρων
878 3477 901 3530 Β
