2384 3902
460 197 621 247 -τ-
989 193 1053 257 261
1166 168 1167 176 ‘

49 360 144 420 Ίῖτον
157 355 309 441 Λάρκιον
331 356 392 421 τὸν
415 355 646 421 ὑπατεύσαντα
667 363 714 443 τῷ
733 358 885 441 πρόσθεν
904 354 1056 443 ἐνιαυτῷ,

46 462 78 527 οί
97 459 133 528 δὲ
151 459 208 528 καὶ
225 461 364 546 βασιλέα
382 462 571 549 Ταρκύνιον
588 462 650 527 τὸν
668 459 848 528 ἐκπεσόντα
865 471 924 546 τῆς
942 461 1056 548 ἀρχῆς·

16 569 101 652 εντην
128 565 167 633 δὲ
190 567 398 655 καθιέρωσιν
420 577 482 634 τοῦ
503 576 589 634 ναοῦ
611 570 728 652 λαβεῖν
751 570 931 654 Πόστομον
953 569 1057 652 Κομί-

45 698 115 741 νιον
136 676 221 740 κατὰ
243 677 400 760 ψήφισμα
423 678 555 759 βουλῆς.
590 675 723 751 τούτοις
745 671 806 759 μὲν
824 675 867 758 δη
885 683 956 751 τοῖς
972 674 1057 739 ὑπά-

45 804 109 858 τοις
126 783 263 868 είρηνης
281 782 393 866 ὥσπερ
412 783 499 866 ἔφην
518 782 659 865 βαθείας
677 779 842 865 ἐξεγένετο
861 780 1084 846 ἀπολαῦσαιῡ

105 886 148 951 Π.
182 888 281 952 Μετὰ
308 883 347 951 δὲ
372 886 515 963 τούτους
540 886 838 972 παραλαμβάνουσι
864 887 928 970 την
951 885 1059 971 άρχην

44 987 153 1070 Αὖλος
181 995 374 1078 Ποστόμιος
403 990 459 1058 καὶ
490 995 587 1069 Τῖτος
615 992 827 1078 Οὐεργίνιος,
859 989 913 1077 ἐφ’
942 987 990 1058 ὧν
1025 991 1062 1056 αἱ

44 1095 100 1183 μὲν
123 1099 291 1165 ἐνιαύσιοι
310 1097 429 1185 ἀνοχαὶ
445 1100 528 1186 πρὸς
542 1100 710 1176 Λατίνους
728 1098 930 1182 διελέλυντο,
954 1119 1060 1185 παρα-

44 1203 156 1271 σκευαὶ
189 1202 228 1270 δὲ
255 1205 339 1292 πρὸς
364 1205 425 1270 τὸν
452 1206 600 1289 πόλεμον
626 1201 687 1289 ὑφ’
714 1203 878 1291 ἑκατέρων
906 1204 1058 1288 ἐγίνοντο

45 1311 190 1396 μεγάλαι.
232 1306 276 1394 ἦν
305 1307 343 1375 δὲ
368 1311 405 1376 τὸ
429 1307 490 1394 μὲν
508 1306 679 1395 Ῥωμαίων
700 1317 830 1395 πλῆθος
853 1311 942 1376 άπαν
965 1309 1101 1378 {uod-10

46 1434 115 1483 σιον
136 1416 195 1484 καὶ
219 1419 285 1483 σὺν
307 1421 413 1501 πολλῇ
437 1419 610 1503 προθυμίᾳ
630 1425 764 1502 χωροῦν
782 1413 835 1482 ἐπὶ
853 1418 912 1482 τὸν
931 1416 1059 1500 ἀγῶνα·

45 1533 100 1589 τοῦ
123 1521 162 1590 δὲ
183 1526 342 1589 Λατίνων
364 1523 401 1588 τὸ
424 1521 527 1588 πλέον
546 1521 746 1608 ἀπρόθυμον
764 1521 821 1589 καὶ
838 1521 894 1588 ὑπ’
914 1522 1061 1606 ἀνάγκης

45 1632 314 1715 κατειργόμενον,
336 1637 404 1692 τῶν
428 1625 491 1711 μὲν
514 1630 790 1695 δυναστευόντων
813 1628 850 1694 έν
873 1640 945 1706 ταῖς
965 1630 1060 1694 πόλε-

47 1753 95 1801 σιν
123 1736 244 1820 ὀλίγον
273 1737 347 1800 δεῖν
374 1733 509 1800 πάντων
538 1735 679 1820 δωρεαῖς
705 1757 740 1800 τε
762 1733 818 1801 καὶ
841 1736 1061 1821 ὑποσχέσεσιν

46 1842 104 1908 ὑπὸ
131 1843 327 1928 Ταρκυνίου
354 1863 389 1906 τε
411 1837 468 1904 καὶ
490 1842 665 1924 Μαμιλίου
688 1842 963 1928 διεφθαρμένων,
994 1852 1061 1908 τῶν
1076 1859 1101 1900 1⁵

48 1945 80 2012 δὲ
106 1951 315 2034 δημοτικῶν,
344 1947 437 2022 ὅσοις
465 1945 527 2011 οὐκ
554 1941 598 2030 ην
625 1947 844 2032 βουλομένοις
866 1949 884 2014 ὁ
907 1952 1061 2034 πόλεμος,

47 2052 325 2139 ἀπελαυνομένων
353 2050 417 2116 άπὸ
446 2060 503 2135 τῆς
530 2051 695 2138 περὶτῶν
717 2064 842 2120 κοινῶν
865 2057 1061 2142 φροντίδος·

48 2158 121 2226 οὐδὲ
144 2162 212 2246 γάρ
232 2162 332 2242 λόγος
350 2160 398 2224 ἔτι
417 2167 487 2234 τοῖς
505 2157 724 2244 βουλομένοις
741 2161 928 2228 ἀπεδίδοτο.
959 2161 1061 2245 ηναγ-
1076 2163 1096 2226 2

47 2267 181 2345 κόζουτο
202 2267 244 2350 δη
264 2267 520 2350 χαλεπαίνοντες
538 2263 592 2329 ἐπὶ
609 2267 716 2355 τούτῳ
736 2264 854 2352 συχνοὶ
869 2271 1061 2333 καταλιπεῖν

17 2373 98 2449 λιτὰς
124 2375 242 2448 πόλεις
265 2368 322 2435 καὶ
344 2372 427 2456 πρὸς
449 2373 529 2448 τοὺς
547 2366 728 2456 Ῥωμαίους
752 2374 963 2458 αὐτομολεῖν·
999 2396 1061 2438 κω-
1077 2392 1103 2431 20

47 2479 135 2544 λύειν
164 2479 230 2562 γάρ
259 2477 322 2542 οὐκ
348 2475 466 2559 ἠξίουν
494 2477 529 2542 οί
550 2472 594 2542 δι’
616 2475 744 2545 ἑαυτῶν
766 2479 981 2566 πεποιημένοι
1004 2481 1063 2556 τὰς

47 2586 171 2668 πόλεις,
211 2584 296 2649 ἀλλά
326 2582 456 2666 πολλὴν
490 2593 561 2660 τοῖς
593 2585 784 2671 διαφόροις,
817 2595 875 2669 τῆς
906 2585 1062 2653 ἑκουσίου

48 2699 154 2774 φυγῆς
177 2690 277 2776 χάριν
300 2687 434 2774 ᾔδεσαν.
471 2689 713 2775 ὑποδεχόμενοι
738 2688 769 2756 δ’
792 2691 914 2769 αὐτοὺς
937 2693 973 2757 οί
987 2686 1062 2757 Ῥω-

49 2807 135 2878 μαῖοι
154 2799 236 2873 τοὺς
255 2792 317 2880 μὲν
336 2795 404 2879 ἅμα
422 2793 555 2878 γυναιξὶ
572 2795 629 2861 καί
646 2795 775 2875 τέκνοις
794 2797 1064 2884 ἀφικνουμένους

49 2904 90 2979 είς
111 2904 172 2980 τὰς
196 2902 292 2978 ἐντὸς
314 2903 444 2986 τείχους
461 2900 657 2968 κατέταττον
677 2906 832 2991 στρατιάς
850 2915 920 2982 τοῖς
937 2911 1063 2998 πολιτι-
1077 2923 1103 2965 ει

48 3020 113 3087 κοῖς
143 3009 443 3094 ἐγκαταμιγνύντες
471 3010 598 3093 λόχοις,
625 3013 704 3086 τοὺς
732 3008 769 3075 δὲ
792 3013 931 3088 λοιποὺς
954 3013 1001 3088 είς
1023 3013 1063 3077 τά

49 3114 118 3201 περὶ
141 3117 206 3199 την
228 3116 329 3179 πόλιν
353 3112 610 3191 ἀποστέλλοντες
633 3117 780 3203 φρούρια
803 3115 858 3182 καὶ
879 3128 950 3195 ταῖς
969 3117 1063 3184 άποι-

115 3315 131 3362 3
150 3305 296 3378 πόστομον
319 3303 365 3385 Βκ
400 3304 571 3374 ποττούμιον
595 3304 672 3359 ABb
693 3307 697 3379 Ι
717 3311 763 3362 Κα
785 3311 858 3365 ίνιον
877 3310 900 3362 Β
977 3317 992 3365 7
1011 3295 1084 3365 πο-ι

51 3379 176 3504 ῗλῖύἪδ
194 3377 479 3502 ΑΒιιθλέῙίιῗιῗίΡέ
499 3380 503 3439 ¹
529 3376 705 3500 οέὲρέῗκοδ
723 3373 852 3503 βάν)
870 3380 900 3434 in
918 3399 972 3507 τί·
988 3388 1062 3504 {5³

96 3492 101 3504 .
326 3467 342 3514 ρ
431 3488 436 3498 .
624 3466 723 3514 ρατιας
825 3469 923 3520 στρατε
937 3472 971 3515 ας
1045 3468 1063 3504 ε
