2400 3912
143 204 209 268 174
571 207 733 256 -Ε-

142 365 242 433 θέσιν
265 369 417 451 ἔβαλλον,
442 359 492 444 οἷς
515 363 552 432 δέ
574 367 619 450 μῆ
638 375 748 453 παρῆν
766 374 870 430 ταῦτα
887 377 958 442 τοῖς
977 364 1084 449 ξίφεσι
1099 363 1142 430 καλ

107 475 214 552 ὅταῖς
241 474 356 540 ἀσπίσι
382 484 450 540 τῶν
478 483 614 560 νειιρῶν.
663 473 681 540 6
708 469 738 538 δ’
760 472 905 557 ἠμύνετο
928 482 999 549 τοῖς
1021 470 1140 538 ἐκείνων

141 581 310 666 χρώμενος
333 581 449 657 ὅπλοις
469 574 541 646 κατ’
564 579 675 646 αὐτῶν
698 577 755 645 καὶ
777 581 914 664 ἔμελλεν
937 580 1047 664 ὥσπερ
1069 581 1140 656 εἰκὸς

33 713 34 716 ’
71 697 77 705 ’
142 689 189 765 είς
212 687 362 775 άθρόους
384 687 517 771 βάλλων
540 686 595 752 ἀεί
613 709 706 764 τινος
727 685 904 765 τεύξεσθαι
923 694 1058 754 σκοποῦ.
1088 688 1139 770 ῆδη
1196 694 1197 698 ’

114 791 179 860 εδέ
207 794 389 879 καταβελὴς
417 794 464 860 ὢν
491 791 547 859 καὶ
573 792 771 880 τραυμάτων
798 799 930 879 πλῆθος
957 793 995 860 ἐν
1023 797 1140 870 πολλοῖς

143 900 256 987 μέρεσι
278 909 338 967 τοῦ
362 901 512 986 σώματος
535 903 635 986 ἔχων,
659 902 739 985 μίαν
763 897 801 966 δέ
823 901 955 986 πληγὴν
977 899 1140 985 λόγχης,ῆ
1196 941 1197 944 =

143 1009 200 1073 διὰ
223 1007 372 1093 θατέρου
393 1018 462 1072 τῶν
484 1012 636 1090 γλουτῶν
659 1003 743 1093 ὑπὲρ
765 1016 824 1091 τῆς
845 1012 992 1091 κεφαλῆς
1014 1014 1074 1072 τοῦ
1094 1030 1140 1091 μη-

142 1123 205 1200 ροῦ
229 1114 324 1179 ἀντία
347 1113 522 1198 ἐνεχθεῖσα
544 1112 711 1180 ἐκάκωσεν
734 1113 839 1179 αὐτὸν
861 1113 1002 1191 ὀδύναις
1023 1111 1077 1178 καλ
1092 1113 1140 1197 τῆν

142 1222 242 1304 βάσιν
270 1223 445 1305 ἔβλαπτεν,
474 1219 587 1306 έπειδῆ
614 1232 682 1287 τῶν
708 1223 848 1288 κατόπιν
871 1221 1016 1304 ῆκουσεν
1039 1219 1195 1305 έμβοη-ῖῖῖ

103 1352 128 1392 10
142 1329 274 1395 σάντων
296 1329 460 1394 λελύσθαι
478 1336 536 1412 τῆς
554 1329 703 1413 γεφύρας
721 1328 759 1393 τὸ
777 1325 880 1393 πλέον
898 1324 1010 1412 μέρος,
1032 1327 1141 1392 καθάλ·
1196 1355 1197 1398 3

141 1440 231 1501 λεται
264 1438 328 1501 σὺν
355 1445 425 1512 τοῖς
452 1435 568 1512 ὅπλοις
597 1437 644 1512 είς
669 1436 729 1500 τὸν
752 1435 902 1518 ποταμόν
923 1431 980 1498 καὶ
1004 1432 1143 1517 διανηξί-
1193 1451 1197 1484 ῑ

141 1566 240 1626 μενος
266 1543 303 1606 τὸ
332 1541 438 1627 όεῦμα
465 1546 614 1626 χαλεπῶς
643 1540 747 1607 πάνυ·
788 1538 865 1624 περὶ
891 1541 956 1627 γὰρ
984 1551 1056 1618 τοῖς
1081 1541 1143 1606 ὑπε-

141 1651 294 1735 ρείσμασι
316 1658 385 1714 τῶν
408 1649 558 1714 σανίδων
582 1650 774 1733 σχιζόμενος
797 1647 815 1713 6
841 1646 922 1732 βοῦς
945 1647 1023 1727 ὀξὺς
1041 1643 1083 1731 ῆν
1100 1644 1145 1712 καὶ
1177 1639 1193 1705 ἔ)

142 1755 237 1830 δίνας
256 1753 359 1820 ἐποίει
377 1754 532 1839 μεγάλας·
556 1753 819 1839 ἐξεκολύμβησεν
838 1756 885 1832 είς
902 1756 964 1839 τῆν
977 1762 1044 1838 γῆν
1058 1750 1146 1819 οὐδέν
1175 1816 1180 1835 ,

105 1883 129 1924 15
142 1870 209 1925 τῶν
233 1859 346 1926 ὅπλων
369 1861 406 1928 έν
428 1870 474 1950 τῷ
498 1873 571 1928 νεῖν
594 1861 782 1945 ἀποβαλών.
1193 1887 1197 1936 5

208 1966 309 2033 XXV.
336 1971 443 2034 Τοῦτο
462 1970 499 2034 τὸ
519 1971 620 2054 ἔργον
639 1969 813 2034 ἀθάνατον
827 1968 916 2056 αὐτῷ
933 1967 1035 2046 δόξαν
1050 1968 1146 2054 εῖργά-

142 2089 231 2140 σατο.
272 2077 469 2161 παραχρῆμά
495 2099 531 2142 τε
558 2078 622 2162 γδιρ
651 2076 687 2141 οἱ
702 2071 856 2160 Ῥωμαῖοι
883 2075 1147 2160 στεφανώσαντες
1185 2072 1196 2136 ζ

141 2179 244 2245 αὐτὸν
262 2179 431 2266 ἀπέφερον
450 2184 497 2260 εἰς
509 2182 572 2266 τῆν
586 2185 685 2248 πόλιν
698 2183 884 2267 ὑμνοῦντες
898 2183 1025 2259 ὅςτῶν
1038 2181 1147 2268 ἡρώιον
1183 2193 1196 2245 ἐι

140 2284 215 2370 ἕνα,
243 2283 297 2351 καλ
320 2297 384 2366 πᾶς
407 2288 425 2354 6
448 2291 649 2366 κατοικίδιος
673 2291 770 2374 ὄχλος
793 2287 932 2374 ἐξεχεῖτο
956 2295 1077 2354 ποθῶν
1099 2287 1148 2352 αὐ·
1184 2310 1195 2347 1·

100 2417 127 2458 20
140 2395 211 2476 τόν,
234 2391 296 2470 ἕως
319 2395 367 2459 ἔτι
389 2404 518 2480 περιῆν,
541 2396 735 2462 θεάσασθαι
755 2396 818 2480 τῆν
840 2397 1035 2461 τελευταίαν
1056 2397 1148 2480 πρόσ-
1183 2421 1193 2459 ι,

141 2510 234 2577 οόιν·
262 2499 371 2566 ἐδόκει
393 2503 457 2588 γὰρ
480 2501 545 2568 ὑπὸ
568 2512 636 2568 τῶν
659 2502 858 2589 τραυμάτων
883 2501 944 2568 οὐκ
962 2503 1011 2579 είς
1029 2502 1149 2586 μακρὰν
1170 2486 1188 2577 ἶ

105 2604 449 2691 2διαφθαρῆσεσθαι·
473 2605 528 2672 καὶ
552 2606 664 2692 έπειδῆ
690 2607 829 2692 διέφυγε
849 2610 908 2676 τὸν
926 2609 1090 2692 θάνατον,
1112 2608 1149 2671 εί
1189 2635 1195 2676 ι

140 2711 223 2773 κύνα
245 2716 371 2798 χαλκῆν
393 2716 536 2780 ἔνοπλον
560 2714 578 2780 6
601 2716 704 2800 δῆμος
722 2717 859 2800 ἔστησεν
880 2715 986 2780 αὐτοῦ
1003 2724 1062 2799 τῆς
1080 2715 1149 2797 ἀγο-
1188 2726 1194 2783 λ

141 2824 201 2903 ρᾶς
223 2816 260 2883 έν
282 2826 328 2907 τςδ
352 2823 515 2910 κρατίστῳ
538 2819 593 2886 καὶ
616 2822 729 2908 χώραν
752 2822 788 2888 ἐκ
810 2831 868 2907 τῆς
891 2824 1054 2907 δημοσίας
1076 2823 1151 2887 ἔδω·

101 2946 126 2988 ετ
140 2947 208 3008 κεν,
233 2925 316 3009 ὅσην
340 2926 439 3003 αὐτὸς
458 2926 495 2993 ἐν
513 2926 619 3015 ῆμέρηι
638 2936 697 3015 μιᾷ
718 2929 823 3013 ζεύγει
841 2932 932 3013 βοῶν
950 2931 1151 3015 περιαρόσει·
1180 2965 1194 3000 „2

141 3030 242 3116 χωρίς
269 3029 306 3099 δὲ
333 3043 400 3098 τῶν
429 3035 572 3121 δημοσίᾳ
601 3033 773 3100 δοθέντων
801 3036 883 3100 κατὰ
909 3035 1061 3119 κεφαλὴν
1084 3034 1153 3100 ἐκα-
1173 3070 1194 3109 η

213 3265 341 3330 1παρῆν
359 3261 407 3314 Bb
434 3263 602 3331 παρ..ηΒω
628 3262 772 3332 παρείηΒ
816 3257 1027 3318 9ἐπελδὲΑΒ
1057 3256 1152 3330 ἐπειδὴ
1184 3299 1193 3330 .÷

142 3328 242 3382 Portus
325 3337 358 3385 10
377 3330 596 3387 καθάλλεταιΒ
633 3331 805 3388 καθέλκεται
823 3334 849 3387 R
877 3332 1037 3388 detrahitur
1060 3332 1152 3403 Lapus
1185 3387 1186 3391 ,

180 3405 212 3452 14
230 3400 326 3463 δεινὰς
343 3402 390 3455 Ba
425 3402 506 3467 δινδις
524 3403 550 3456 R
619 3410 652 3458 16
670 3403 860 3475 ἀπειργάσατο
880 3422 902 3460 ο.
921 3403 1067 3474 Kiessling
1119 3411 1154 3458 25
1185 3403 1193 3468 ἠ

144 3467 211 3536 ὅσην
231 3467 267 3524 ἂν
286 3500 319 3511 -
338 3471 492 3542 περιαρόοη
512 3491 534 3527 ο.
553 3473 697 3543 Kiessling
1183 3512 1192 3520 ι
