2384 3902
453 231 617 280 ..Ε-

41 380 106 450 οὐδ’
122 385 292 466 ἀξιοῦντες
311 388 332 454 ἀ
350 387 528 456 κατέλιπον
547 391 660 468 αὐτοῖς
678 391 714 456 οί
729 389 867 474 πατέρες
880 390 935 457 καὶ
950 389 1045 457 αὐτοὶ

40 499 267 579 φιλεργοῦντες
294 493 350 562 καὶ
373 499 558 583 σωφρόνως
582 501 699 576 ζῶντες
721 497 900 582 ἐκτήσαντο
924 499 1045 583 δημεύ-

40 606 129 665 εσθαι
152 612 222 679 τοϊς
244 604 485 690 πονηροτάτοις
508 601 564 670 καὶ
587 603 782 690 ἀργοτάτοις
803 614 872 670 τῶν
889 609 1043 671 πολιτῶν.

39 712 152 792 πολλῆς
180 703 212 774 δ’
239 704 326 776 εἶναι
356 713 482 798 μωρίας
509 715 610 798 ἔργον
636 721 682 800 τῷ
710 714 838 798 χείρονι
865 709 957 796 μέρει
983 721 1045 778 τοῦ

4 817 268 900 θίπολιτεύματος
295 822 489 904 χαρίζεσθαι
516 818 743 902 βουλομένους
769 827 830 884 τοῦ
856 819 1071 904 κρείττονοςε

38 920 198 1009 ὑπερορᾶν
220 921 276 989 καὶ
298 935 368 1000 τοῖς
391 923 606 1001 ἀδικωτάτοις
623 935 691 990 τῶν
709 929 854 991 πολιτῶν
872 926 930 1002 τάς
948 924 1044 990 ἀλλο-

38 1032 121 1113 τρίας
144 1030 353 1114 δημεύοντας
375 1030 493 1108 οὐσίας
515 1040 583 1096 τῶν
607 1032 743 1108 δικαίως
766 1031 868 1108 αὐτάς
885 1029 1044 1116 κτησαμέ-

38 1157 100 1199 νων
127 1134 357 1221 ἀφαιρείσθαι.
404 1137 633 1222 ἐνθυμεῖσθαί
651 1131 682 1202 τ’
710 1137 832 1215 αὐτούς
854 1136 965 1221 ήξίου,
994 1138 1081 1210 ὅτι3

39 1240 91 1325 οὐχ
112 1241 178 1307 ὐπὸ
202 1252 270 1308 τῶν
292 1246 446 1326 πενήτων
468 1242 525 1310 καὶ
548 1244 709 1328 οὐδεμίαν
729 1246 826 1328 ίσχύν
845 1243 991 1328 ἐχόντων
1010 1245 1048 1310 αί

38 1350 140 1426 πόλεις
175 1348 378 1417 ἀπόλλυνται
410 1354 450 1417 τά
482 1353 594 1417 δίκαια
621 1361 730 1417 ποιεῖν
757 1348 1044 1435 ἀναγκαζομένων,
1059 1373 1086 1414 ιο

39 1451 101 1519 ἀλλ’
122 1455 189 1520 ὐπὸ
217 1466 286 1522 τῶν
312 1457 466 1544 εὐπόρων
489 1443 546 1524 καὶ
568 1460 608 1523 τά
631 1458 783 1524 πολιτικὰ
804 1457 961 1542 πράττειν
984 1458 1043 1523 δν-

38 1559 194 1646 ναμένων,
218 1563 299 1628 ὅταν
322 1562 388 1628 ὑπὸ
411 1573 478 1630 τῶν
500 1567 664 1650 χειρόνων
686 1565 885 1650 ὑβρίζωνται
902 1561 959 1628 καὶ
976 1574 1044 1628 τῶν

39 1669 168 1736 δικαίων
199 1671 243 1753 μή
273 1671 491 1755 τυγχάνωσιν.
538 1672 570 1736 εί
597 1667 635 1737 δὲ
664 1667 770 1754 μηδὲν
801 1669 1044 1754 ἀγανακτήσειν

38 1775 182 1858 μέλλοιεν
210 1777 247 1841 οὐ
270 1788 339 1842 τῶν
367 1780 582 1862 συμβολαίων
605 1776 903 1861 ἀποστερούμενοι,
930 1773 1045 1863 πρᾴως

39 1881 72 1947 δέ
94 1904 163 1960 πως
191 1882 247 1949 καί
275 1884 437 1971 ῥαθύμως
465 1890 571 1950 οίσειν
593 1885 651 1961 τάς
674 1884 813 1968 βλάβας,
843 1877 916 1949 οὐδ’
939 1884 1045 1962 οὕτως
1060 1905 1085 1946 ιε

38 1991 94 2073 ἔφη
126 1996 234 2067 καλῶς
266 1989 353 2069 ἕξειν
385 1993 503 2075 σφίσιν
531 1986 605 2055 οὐδ’
633 1989 790 2075 ἀσφαλῶς
818 1991 948 2074 δωρεάν
975 2001 1045 2068 τοῖς

37 2095 148 2181 πένησι
176 2100 370 2183 χαρίζεσθαι
400 2097 575 2179 τοιαύτην,
608 2091 652 2162 δι’
678 2096 722 2178 ἣν
749 2094 997 2172 ἀσυνάλλακτος
1026 2095 1044 2162 ὁ

38 2206 141 2281 κοινὸς
169 2206 261 2269 ἔσται
289 2206 362 2288 βίος
384 2201 439 2269 καὶ
462 2203 664 2288 μισάλληλος
685 2199 740 2268 καὶ
763 2212 830 2266 τῶν
854 2201 1044 2285 ἀναγκαίων

37 2322 164 2394 χρειῶν,
193 2307 242 2377 ὧν
269 2308 370 2396 χωρίς
398 2310 458 2377 οὐκ
486 2312 616 2376 ἔνεστιν
644 2311 809 2375 οίιιείσθαι
836 2308 894 2384 τάς
920 2311 1043 2392 πόλεις,

39 2415 155 2502 ἐνδεής,
181 2418 258 2483 οὐτε
281 2418 343 2501 τήν
366 2417 479 2502 χώραν
502 2418 708 2501 σπειρόντων
732 2416 780 2479 ἔτι
802 2410 857 2478 καὶ
881 2416 1042 2498 φυτευόν-
1058 2435 1086 2475 ιο

38 2546 98 2588 των
127 2535 193 2590 τῶν
216 2535 390 2610 γεωργῶν,
420 2523 496 2590 οὐτε
519 2523 580 2606 τήν
604 2521 773 2587 θάλατταν
796 2523 967 2586 πλεόντων
988 2519 1045 2587 καὶ

39 2630 295 2716 διαμειβομένων
322 2632 379 2708 τάς
406 2632 619 2706 διαποντίους
643 2629 765 2714 ἀγοράς
787 2639 855 2694 τῶν
878 2627 1044 2714 ἐμπόρων,

39 2738 109 2802 οὐτε
144 2740 248 2822 ἀλλην
281 2737 440 2823 ἐργασίαν
473 2737 634 2822 οὐδεμίαν
666 2737 800 2801 δικαίαν
831 2735 1044 2820 ποιουμένων

8 2845 100 2907 Ιθότῶν
126 2846 284 2927 πενήτων.
331 2844 379 2922 είς
406 2845 535 2909 ἅπαντα
562 2844 626 2928 γὰρ
654 2852 757 2909 ταῦτα
780 2853 849 2919 τοῖς
873 2842 1081 2928 δεομένοις4

39 2948 184 3036 ἀφορμῆς
220 2950 343 3018 οὐδένα
380 2961 448 3016 τῶν
485 2950 638 3034 εὐπόρων
670 2951 710 3014 τά
743 2947 863 3016 ἑαυτοῦ
895 2953 1044 3036 χρήματα
1059 2967 1085 3008 25

39 3060 252 3140 προήσεσθαι·
275 3057 311 3124 ἐκ
331 3055 367 3123 δὲ
385 3058 515 3123 τούτων
533 3059 771 3141 φθονήσεσθαι
790 3052 851 3140 μὲν
871 3055 1043 3140 εὐπορίαν,

39 3165 325 3248 καταλυθήσεσθαι
344 3161 381 3229 δὲ
400 3165 588 3250 φιλεργίαν,
606 3163 742 3249 κρείττω
762 3158 800 3226 δὲ
818 3172 939 3247 μοῖραν
957 3161 1044 3240 ἕξειν

110 3434 123 3479 1
141 3429 191 3482 οὐκ
209 3429 354 3494 ἀξιοῦντες
373 3426 396 3481 Ο
440 3424 503 3481 οὐδ’
519 3427 562 3492 ἀξ.
581 3424 725 3494 Kiessling
812 3430 845 3479 10
863 3426 969 3497 ποιεῖν]
988 3445 1044 3480 πα-

40 3499 102 3552 θεῖν
120 3515 141 3553 e.
158 3498 302 3567 Kiessling
375 3503 407 3551 13
428 3497 455 3552 εί
471 3495 503 3552 δὲ
522 3496 571 3550 καί
590 3496 693 3550 Reiske
