2384 3902
160 51 193 86 M
278 81 285 95 ς

150 207 218 273 290
580 214 741 262 -ς-

150 369 263 454 ἐπειδὴ
288 366 325 436 δὲ
348 373 505 456 πρότεροι
518 369 585 446 ’τὰς
608 370 758 446 σπονδάς
781 371 905 435 ἔλυσαν
927 373 1078 450 Λατῖνοι,
1102 366 1144 432 καὶ

150 473 225 561 οὐχὶ
248 478 322 542 τότε
344 487 488 563 πρῶτον,
515 476 599 542 ὥστε
622 476 822 561 συγγνώμης
844 476 936 552 τινὸς
959 475 1068 550 αὐτοῖς
1089 475 1144 539 δεῖν

148 582 299 666 ἀνάγκην
326 581 382 648 καὶ
410 581 538 665 ἀπάτην
564 580 869 668 προβαλλομένοις,
899 580 983 647 ἀλλά
1009 581 1145 656 πολλάκις

148 689 213 773 ῆδη
241 687 297 754 καὶ
323 692 503 775 πρότερον,
532 686 695 754 ὥστεκαὶ
718 688 935 772 διορθώσεως
962 689 1057 770 σφίσι
1079 687 1144 768 δεῖν,

122 796 210 878 ὑπῆν
238 791 299 879 μὲν
326 796 445 860 ἀδειαν
472 795 573 860 ἅπασι
601 799 880 881 συγκεχωρῆσθαι
907 790 964 858 καὶ
991 793 1052 877 τῆν
1073 791 1145 856 ἐλευ-

148 904 270 987 θερίαν
293 902 408 966 διὰτὸ
433 897 603 983 συγγενές,
626 910 684 984 τῆς
708 898 745 965 δὲ
767 909 828 983 γῆς
850 898 913 982 τῆν
936 897 1086 982 ῆμίσειαν
1102 898 1144 962 αὐ-

147 1010 227 1085 τοὺς
261 1007 488 1092 ἀφαιρεθῆναι
521 1005 577 1072 καὶ
603 1007 812 1092 κληρούχους
839 1006 1065 1090 ἀποσταλῆναι
1087 1001 1144 1068 Ῥω

148 1115 257 1198 μαίων
288 1114 334 1189 είς
364 1113 484 1197 αὐτῆν,
515 1113 663 1189 οἵτινες
691 1111 823 1195 ἐκείνην
850 1113 1082 1196 καρπώσονται
1104 1107 1145 1175 καί

114 1221 229 1296 θεοὺς
251 1219 377 1304 ἀνδρας
395 1216 501 1305 μηδὲν
519 1221 568 1284 ἔτι
586 1222 781 1304 νεωτερίσαι
800 1218 1041 1284 σπουδάσουσι.
1073 1219 1144 1280 Σαώ

108 1347 134 1388 10
149 1350 220 1413 ριος
248 1323 285 1392 δὲ
307 1327 457 1403 Κάσσιος
483 1325 615 1392 ἀνελεῖν
642 1325 700 1402 τὰς
729 1328 843 1400 πόλεις
868 1324 982 1389 αὐτῶν
1005 1323 1145 1406 σννεβοίε

148 1439 223 1499 λευε
251 1431 435 1516 θαυμάζειν
460 1430 568 1515 λέγων
590 1431 645 1497 ἐπί
667 1441 739 1508 ταῖς
763 1430 935 1514 εὐηθείαις
957 1440 1025 1495 τῶν
1048 1439 1171 1515 παρα-10

147 1541 301 1606 νούντων
334 1538 470 1622 ἀφεῖναι
501 1539 560 1615 τάς
592 1537 753 1623 ἁμαρτίας
785 1537 899 1614 αὐτοῖς
931 1537 1099 1622 ἀζημίους,
1124 1537 1146 1599 εί

147 1643 233 1731 μηδὲ
261 1648 423 1712 δύνανται
451 1651 672 1729 καταμαθεῖν,
702 1645 752 1710 ὅτι
781 1645 838 1708 διὰ
864 1646 925 1710 τὸν
948 1646 1081 1729 φθόνον
1100 1644 1145 1706 τὸν

149 1755 298 1836 ἔμφυτόν
321 1750 435 1818 τεκαὶ
458 1751 694 1836 ἀναφαίρετον,
721 1751 762 1816 ὃν
786 1753 899 1835 ἔχουσι
922 1753 1005 1837 πρὸς
1028 1751 1086 1834 τῆν
1100 1751 1145 1813 πό-

112 1877 137 1917 ει
152 1864 207 1923 λιν
231 1859 342 1923 αὐτῶν
361 1856 560 1942 αὐξομένην,
583 1859 706 1935 ἀλλους
725 1856 776 1922 ἐπ’
799 1858 914 1934 ἀλλοις
932 1857 1145 1942 ἐπιτεχνῶνται

149 1962 314 2049 πολέμους
336 1962 392 2029 καὶ
417 1964 575 2030 οὐδέποτε
598 1965 786 2029 παύσονται
808 1974 866 2048 τῆς
884 1964 1064 2048 ἐπιβούλου
1081 1984 1145 2047 προ-

150 2069 307 2156 αιρέσεως
330 2069 470 2154 ἑκόντες,
493 2071 556 2148 ἕως
579 2072 691 2138 αὐτῶν
714 2068 804 2137 τοῦτ’
827 2070 863 2134 ἐν
887 2081 960 2146 ταῖς
982 2081 1099 2154 ψυχαῖς
1117 2069 1144 2132 τὸ

149 2180 318 2262 δύστηνον
346 2177 470 2244 ἐνοικεῖ
493 2178 619 2255 πάθος·
656 2177 753 2268 οἵγε
780 2182 999 2254 τελευτῶντες
1020 2177 1082 2242 ὑπὸ
1102 2199 1144 2239 τν-

149 2287 261 2373 ράννφ
285 2286 502 2368 ποιήσασθαι,
525 2286 657 2368 θηρίων
681 2283 839 2349 ἁπάντων
857 2283 1059 2372 ἀγριωτάτῳ,
1082 2300 1144 2364 συγ-

108 2411 134 2484 29
147 2401 228 2477 γενῆ
260 2401 357 2476 σφῶν
389 2392 488 2456 πόλιν
520 2393 736 2477 ἐπεχείρησαν
765 2390 892 2466 ἁπάσας
920 2389 1144 2476 ἀνατρέψαντες

146 2500 205 2575 τάς
236 2496 290 2564 ἐπὶ
320 2504 413 2562 θεῶν
445 2497 639 2581 ὁμολογίας,
672 2497 734 2562 οὐκ
767 2498 882 2573 ἀλλαις
913 2493 1003 2562 τισίν
1034 2496 1144 2562 ἐλπίσιν

148 2603 364 2691 ἐπαρθέντες,
394 2599 465 2668 ἀλλ’
488 2604 539 2668 ὅτι
562 2602 605 2668 ἀν
628 2605 673 2688 μῆ
698 2603 812 2680 αὐτοῖς
834 2605 917 2667 κατά
938 2603 1076 2687 γνώμην
1096 2625 1144 2685 χο-

148 2715 232 2798 ρῆση
265 2712 305 2775 τδι
337 2718 398 2776 τοῦ
430 2709 577 2794 πολέμου
611 2711 709 2792 δίκην
742 2709 902 2794 οὐδεμίαν
929 2706 1143 2793 ὑφέξουσινῆ

111 2820 222 2884 3τινα
246 2819 367 2903 μικρὰν
385 2818 514 2902 κομιδῆ.
551 2818 799 2902 παραδείγμασί
818 2838 853 2880 τε
874 2813 929 2880 καὶ
948 2813 1051 2892 αὐτὸς
1067 2815 1143 2896 ῆξίον

107 2943 132 2984 2⁵
146 2931 294 3012 χρῆσθαι
317 2934 386 3002 τοῖς
409 2934 476 2989 τῶν
498 2926 677 3009 προγόνων
701 2926 825 3007 ἐργοις,
854 2925 890 2986 οἳ
909 2922 972 3004 τῆν
992 2919 1143 3004 Ἀλβανῶν

145 3036 259 3115 πόλιν,
292 3031 325 3111 ἐξ
357 3026 396 3114 ῆς
428 3030 526 3096 αὐτοί
552 3025 628 3115 <τ’>
656 3029 898 3119 ἀπῳκίσθησαν
926 3025 981 3092 καὶ
1005 3029 1143 3093 Λατίνων

147 3141 270 3204 ἅπασαι
293 3140 416 3219 πόλεις,
440 3137 552 3220 ἐπειδὴ
571 3143 772 3221 φθονοῦσαν
791 3138 942 3218 ἔγνωσαν
961 3145 1033 3212 τοῖς
1052 3133 1142 3200 αὐτῶν

221 3329 252 3376 12
272 3323 299 3377 εί
316 3322 347 3377 δέ
367 3325 445 3393 μῆΒ
483 3323 563 3394 εἰμὴ
582 3327 609 3378 R
644 3325 672 3381 εί
688 3323 758 3396 μηδὲ
778 3324 922 3393 Kiessling
941 3325 986 3379 Pr.
1006 3325 1070 3380 Bas.
1084 3342 1107 3392 p.
1120 3327 1142 3374 16

150 3395 183 3441 18
202 3394 393 3463 τελευτῶντες]
412 3399 572 3448 τελευταῖον
590 3396 613 3447 Β
636 3399 640 3465 Ι
665 3396 812 3462 τυράννων
831 3398 860 3449 et
878 3413 904 3450 v.
927 3402 959 3450 19
981 3393 1142 3466 ἀγριωτάτων

149 3455 203 3505 ΑΒ
276 3466 308 3511 19
328 3469 469 3529 συγγενεῖς
486 3462 512 3515 Α
579 3472 612 3519 26
631 3464 657 3519 τ’
679 3466 743 3520 add,
762 3465 907 3534 Kiessling
977 3473 1012 3520 27
1031 3459 1141 3520 πᾶσαιθ
