2384 3902
457 236 622 286 -Ε-

41 389 75 459 εὖ
99 403 217 459 ποιεῖν.
264 396 383 481 ἀριστα
411 391 449 460 δὲ
471 404 570 460 τοῦτο
593 392 650 459 καὶ
672 395 850 478 γινώσκειν
872 394 928 462 καὶ
951 398 1082 480 ποιή-2

41 516 106 564 σειν
129 503 233 585 ἔφησε
255 504 335 579 τοὺς
357 503 628 585 συμβεβληκότας
650 498 841 578 αὐτοῖςκαὶ
863 505 1048 588 βοηθήσειν

41 606 143 672 αὐτῶν
165 617 238 684 ταῖς
256 607 371 692 τύχαις
390 607 513 685 αὐτοὺς
531 608 680 684 ἐκείνους
697 608 759 673 οὐκ
778 607 1049 692 ἀναγκασθέντας

40 710 92 796 ὑφ’
113 711 246 800 ἑτέρων,
271 710 343 779 ἀλλ’
366 712 512 796 ἑκόντας,
536 708 582 779 ἀν’
604 714 717 791 αὐτοῖς
735 713 756 797 ή
775 715 870 801 χάρις
888 712 962 779 ἀντὶ
979 725 1049 779 τῶν

40 820 210 904 χρημάτων
241 820 347 885 καλὸν
380 819 547 904 ὀφείλημα
573 827 680 906 περιῇ.
726 821 846 904 κοινήν
873 816 911 885 δὲ
938 832 1075 886 ποιεῖνε

8 925 93 1007 οοτήν
115 929 281 1010 βοήθειαν
304 927 438 1010 ἅπασιν,
461 921 501 1010 ής
524 924 557 1004 ἐξ
581 931 656 991 ίσου
676 923 877 1011 μεθέξουσιν
895 926 931 991 οῖ
944 948 1047 1010 πονη-
1138 987 1140 992 .

39 1028 86 1113 ρολ
107 1043 178 1109 τοῖς
200 1044 371 1118 χρηστοῖς,
395 1031 450 1098 καὶ
473 1033 517 1117 μή
542 1031 668 1098 ἐκτῶν
691 1034 804 1115 ίδίων,
828 1026 899 1098 ἀλλ’
922 1031 1048 1098 ἐκτῶν

38 1135 217 1224 ἀλλοτρίων
239 1141 334 1216 τινάς
356 1135 394 1204 εὖ
417 1149 541 1221 ποιεῖν,
565 1137 620 1204 καὶ
644 1132 692 1204 ὧν
713 1141 754 1204 τὰ
776 1142 926 1226 χρήματα
949 1138 1048 1224 ἀφαι-
1135 1131 1137 1137 “

38 1252 181 1328 ροῦνται,
203 1246 337 1323 τούτοις
359 1242 444 1330 μηδὲ
466 1247 525 1322 τάς
546 1242 630 1330 ὑπὲρ
649 1255 716 1310 τῶν
736 1245 934 1330 εὐεργεσιῶν
952 1269 1046 1311 κατα-

37 1354 139 1416 λιπεῖν
163 1351 313 1436 χάριτας,
341 1353 459 1436 ήκιστα
482 1360 522 1436 τῷ
539 1347 710 1434 Ῥωμαίων
734 1351 833 1437 ἀρετή
856 1353 1046 1436 προσήκειν.
1061 1369 1087 1409 10

37 1452 112 1543 ὑπὲρ
141 1458 273 1523 ἅπαντα
302 1454 339 1523 δὲ
365 1467 469 1524 ταῦτα
492 1455 547 1523 καλ
571 1451 688 1540 τάλλα,
717 1459 831 1524 δεινόν
853 1481 885 1522 τι
908 1456 962 1523 καὶ
987 1457 1083 1522 οὐκ3

37 1561 169 1629 ἀνεκτὸν
187 1559 277 1630 εἶναι
291 1559 464 1647 Ῥωμαίοις
481 1573 539 1648 τῆς
555 1563 734 1647 ἡγεμονίας
748 1561 1047 1647 ἀντιποιουμένοις,

36 1667 74 1752 ἣν
101 1671 158 1734 διὰ
184 1675 321 1736 πολλῶν
348 1673 474 1745 πόνων,
492 1671 528 1735 ολ
551 1669 689 1755 πατέρες
712 1669 823 1736 αὐτῶν
845 1671 1048 1754 κτησάμενοι

36 1785 98 1852 τοῖς
130 1775 284 1860 ἐκγόνοις
314 1775 508 1858 κατέλιπον,
545 1777 589 1860 μή
622 1778 705 1842 κατά
735 1779 932 1863 προαίρεσιν
963 1772 1048 1861 μηδὲ

35 1881 231 1958 πεισθέντας
253 1876 332 1966 μηδ’
353 1881 391 1946 ἐν
414 1872 441 1969 ῷ
464 1890 611 1966 προσῆκε
633 1889 738 1968 καιρῷ
761 1882 802 1946 τὰ
820 1880 973 1965 βέλτιστα
990 1880 1047 1947 καὶ
1061 1899 1087 1941 1⁶

35 1994 76 2072 τῷ
94 1997 198 2076 κοινῷ
217 1987 435 2074 συμφέροντα
453 1988 621 2074 πράττειν,
641 1985 713 2052 ἀλλ’
736 1989 846 2073 ὥσπερ
866 1987 1049 2066 ἑαλωκυίας

36 2101 88 2175 τής
112 2096 243 2171 πόλεως
270 2093 290 2178 ή
313 2095 556 2178 προσδοκώσης
578 2103 677 2159 τοῦτο
700 2097 877 2159 πείσεσθαι
898 2096 988 2180 παρὰ
1010 2096 1049 2159 τὸ

37 2199 157 2264 δοκοῦν
189 2197 321 2276 ἑαυτοῖς
349 2201 521 2285 πράττειν,
551 2199 584 2279 ἐξ
612 2195 660 2266 ὧν
684 2199 848 2284 ὠφέλειαν
870 2196 931 2284 μὲν
955 2200 1050 2265 οὐδε-

38 2307 113 2386 μίαν
137 2304 158 2388 ή
183 2306 307 2391 μικρόν
333 2329 410 2372 τινα
432 2309 554 2392 κομιδῇ
578 2309 756 2390 λήψονται,
784 2315 896 2371 κακῶν
920 2302 957 2370 δὲ
979 2329 1050 2370 κιν-

8 2411 242 2477 ιῖιδυυεόσουσι
260 2414 301 2478 τὰ
320 2415 440 2499 ἔσχατα
457 2419 590 2479 παθεῖν.
621 2421 737 2500 μακρῷ
756 2414 820 2498 γάρ
837 2413 950 2489 αὐτοῖς
964 2397 1091 2511 εἶναιξο
1125 2393 1130 2402 ”

37 2529 185 2602 κρεῖττον
209 2517 230 2584 ἀ
252 2521 428 2585 κελεύουσι
446 2525 588 2586 Λατῖνοι
610 2521 766 2605 πράττειν
787 2520 832 2597 ὡς
850 2520 1051 2606 μετριώτερα

39 2624 117 2689 όντα
139 2624 195 2691 καλ
219 2619 298 2710 μηδ’
320 2629 367 2704 είς
381 2637 508 2714 πεῖραν
531 2625 644 2692 ἐλθεῖν
666 2626 829 2711 πολέμου,
854 2626 875 2711 ή
898 2639 968 2705 τοῖς
990 2652 1051 2712 μη-

39 2731 123 2816 δαμῇ
146 2729 253 2817 μηδὲν
271 2736 447 2819 χρησίμοις
465 2736 743 2818 συγχωρήσαντας
762 2733 783 2798 ἀ
800 2738 1051 2819 παρακαλοῦσιν

40 2835 170 2903 ἀνελεῖν
181 2841 255 2924 ,τήν
272 2843 385 2905 πίστιν
404 2838 515 2923 ἕκτης
533 2841 670 2923 πόλεως,
692 2840 735 2923 ἣν
755 2841 848 2925 ίεροῦ
865 2849 1051 2928 κατασκευῇ

106 3020 119 3066 1
140 3013 190 3067 καλ
213 3015 280 3067 ante
303 3011 452 3083 γινώσκειν
476 3011 654 3067 de1.Reiske
690 3011 740 3066 καλ
763 3013 829 3066 ουλε
851 3015 999 3084 γινώσκειν
1020 3019 1051 3072 et

34 3082 116 3137 verba
141 3083 191 3139 καλ
208 3083 339 3152 ποιήσειν
358 3082 413 3136 del.
432 3082 570 3137 Bflcheler
641 3089 657 3138 2
677 3083 833 3156 βοηθήσειν
851 3103 881 3138 τε
899 3084 922 3138 Β
995 3093 1010 3141 3
1030 3085 1050 3157 ἦ

36 3172 62 3206 τε
81 3153 202 3226 χάριςΒ
258 3161 290 3209 11
310 3154 366 3209 *τὰ
384 3153 495 3240 ἀλλαΟ
519 3154 524 3225 Ι
548 3153 616 3208 uo
653 3174 683 3209 τε
701 3153 846 3223 Kiessling
866 3157 870 3224 Ι
892 3157 1049 3214 οάανεκτὸν

34 3275 77 3332 Ba
111 3246 266 3335 οάἀάιεκτὸν
284 3279 333 3332 Bb
416 3285 448 3332 13
467 3271 503 3346 ήν
523 3277 542 3332 δι
561 3278 610 3332 διόι
628 3279 654 3332 Α
693 3277 801 3347 ηναδιδι
819 3277 867 3332 Ba,
906 3276 942 3347 ἣν
961 3279 980 3333 ἀ
999 3281 1049 3336 διόι

34 3345 79 3400 Bb
102 3366 170 3406 corr.
189 3350 294 3405 Reiske
364 3355 397 3403 14
416 3344 543 3420 ἐκγόνοις
560 3349 637 3403 ABb
675 3345 802 3421 ἐγγόνοις
820 3349 867 3403 Ba
936 3357 968 3405 19
988 3372 1049 3408 κιν-

36 3419 180 3476 δυνεάουσι
198 3421 222 3474 Β
278 3428 312 3476 20
331 3423 461 3490 αἴσχιστα
480 3420 502 3475 0
523 3420 557 3474 cf.
577 3420 749 3490 Grasberger
767 3421 846 3475 Tess.
865 3420 950 3476 Herb.
969 3441 996 3492 p.
1014 3429 1048 3478 13

36 3487 133 3559 ἔσχατα
153 3493 243 3548 Cobet
261 3492 326 3547 Oba.
345 3510 373 3561 p.
388 3497 439 3546 106
692 3497 701 3516 ’
1075 3495 1078 3500 ’

831 3580 885 3636 16*
