2394 3912
546 180 707 233 ,ς-

124 343 316 428 δικτάτορος
333 339 418 429 ὑπὲρ
436 351 494 426 τής
506 345 632 420 πόλεως
647 342 832 427 ἀναθήσειν
846 355 916 422 τοϊς
930 351 1033 428 θεοῖς,
1052 342 1131 410 καθ’

123 449 165 516 ὃν
196 452 320 535 χρόνον
352 453 487 535 ἐμελλεν
519 450 740 534 ἀγωνίζεσθαι
770 452 854 536 πρὸς
885 452 947 535 τήν
979 455 1135 519 Λατίνων

122 555 296 640 στρατιάν,
327 565 386 641 τῆς
412 580 448 623 τε
474 560 599 641 βουλής
624 559 706 642 μετά
732 559 771 622 τὸ
800 561 923 643 νίκημα
950 560 1012 643 τήν
1038 582 1134 626 κατα-

121 664 247 746 σκευήν
275 665 379 729 αὐτοῦ
406 664 641 749 ψηφισαμένης
664 664 700 730 ἐκ
722 675 789 730 τῶν
812 666 974 752 λαφύρων
997 670 1135 750 ποιήσα-
1167 713 1170 720 ,

121 776 207 835 σθαι
233 779 357 855 πᾶσαν,
384 774 458 838 τότε
484 767 521 837 δέ
544 780 605 837 τοῦ
628 774 728 857 ἐργου
752 775 914 856 λαβόντος
936 774 998 857 τήν
1021 773 1158 839 evm-⁶

120 881 225 943 λειαν.

189 983 381 1050 LXXXXV.
414 979 587 1069 Ἐγένοντο
621 981 652 1051 δ’
680 985 716 1052 ἐν
748 996 793 1075 τῷ
827 986 915 1075 αὐτῷ
943 990 1053 1075 χρόνῳ
1081 985 1137 1052 καὶ

27 1092 206 1177 1261πρὸς
232 1093 291 1169 τάς
317 1100 384 1156 τῶν
407 1095 563 1159 Λατίνων
590 1097 702 1171 πόλεις
725 1093 852 1170 ἁπάσας
875 1101 1043 1179 συνθήκαι
1066 1119 1135 1159 και-

120 1195 179 1264 ναὶ
203 1193 278 1283 μεθ’
296 1199 405 1284 ὅρκων
423 1196 506 1285 ὑπὲρ
526 1202 660 1286 εἰρήνης
677 1198 733 1266 καὶ
751 1205 875 1285 φιλίας,
900 1200 1012 1285 ἐπειδή
1032 1223 1136 1288 παρα-

120 1307 259 1390 κινῆσαί
277 1299 309 1370 τ’
331 1301 432 1370 οὐδὲν
455 1305 671 1393 ἐπεχείρησαν
694 1306 731 1373 ἐν
753 1316 793 1393 τῇ
813 1307 935 1392 στάσει,
958 1307 1014 1374 καὶ
1033 1325 1133 1393 συνη-
1144 1330 1170 1368 10

122 1413 260 1496 δόμενοι
282 1419 321 1496 τή
343 1414 488 1502 καθόδῳ.
503 1422 565 1480 τοῦ
589 1415 697 1499 δήμου
721 1414 864 1502 φανεροὶ
886 1411 987 1500 ήσαν,
1018 1425 1078 1481 τοῦ
1101 1440 1136 1482 τε

121 1518 269 1603 πολέμου
296 1528 358 1585 τοῦ
384 1522 466 1606 πρὸς
492 1525 571 1597 τοὺς
600 1520 806 1599 ἀποστάντας
834 1521 971 1606 ἑτοίμως
994 1522 1136 1588 ἐδόκουν

123 1624 345 1710 συνάρασθαι.
389 1622 432 1711 ήν
459 1624 497 1692 δὲ
522 1629 563 1692 τά
590 1626 761 1713 γραφέντα
788 1627 825 1694 ἐν
852 1640 924 1706 ταῖς
947 1629 1171 1715 συνθήκαις2

123 1733 248 1798 τοιάδε·
277 1727 448 1818 Ῥωμαίοις
475 1731 531 1799 καὶ
558 1745 629 1812 ταῖς
652 1738 808 1801 Λατίνων
835 1738 973 1802 πόλεσιν
997 1735 1138 1813 ἀπάσαις

123 1842 238 1924 είρήνη
261 1841 345 1924 πρὸς
367 1840 530 1925 ἀλλήλους
554 1845 648 1926 ἐστω,
672 1840 785 1929 μέχρις
804 1841 845 1908 ἀν
865 1843 1009 1929 οὐρανός
1026 1867 1062 1910 τε
1080 1842 1137 1910 καὶ
1148 1862 1173 1903 1⁶

122 1954 164 2030 γή
193 1945 255 2029 τήν
278 1946 382 2030 αύτήν
406 1947 522 2014 στάσιν
545 1950 657 2032 ἐχωσι·
689 1947 745 2014 καὶ
768 1944 842 2033 μήτ’
868 1947 964 2014 αὐτοὶ
986 1952 1137 2032 πολεμεί-

122 2071 233 2119 τωσαν
261 2054 343 2139 πρὸς
370 2052 533 2138 ἀλλήλους
560 2049 634 2139 μήτ’
656 2056 802 2120 ἀλλοθεν
832 2052 999 2140 πολέμους
1021 2054 1136 2138 ἐπαγέ-

122 2178 248 2245 τωσαν,
278 2163 357 2246 μήτε
385 2171 455 2237 τοϊς
482 2159 680 2245 ἐπιφέρουσι
706 2163 852 2247 πόλεμον
878 2161 978 2238 ὁδοὺς
1000 2161 1137 2247 παρεχέ-

121 2285 233 2333 τωσαν
266 2267 426 2352 ἀσφαλεῖς
456 2267 687 2350 βοηθείτωσάν
715 2291 750 2333 τε
778 2279 848 2345 τοίς
875 2267 1136 2353 πολεμουμένοις

122 2375 232 2461 ἀπάση
256 2375 406 2460 δυνάμει,
431 2375 592 2460 λαφύρων
614 2396 650 2440 τε
668 2373 723 2440 καὶ
741 2377 832 2452 λείας
849 2384 907 2459 τῆς
925 2374 961 2440 ἐκ
979 2374 1133 2459 πολέμων
1144 2397 1170 2436 20

121 2493 246 2548 κοινῶν
269 2483 306 2548 τὸ
330 2487 405 2547 ίσον
428 2480 683 2566 λαγχανέτωσαν
705 2480 806 2568 μέρος
829 2480 991 2569 ἑκάτεροι·
1013 2490 1081 2546 τῶν
1099 2477 1130 2546 τ’

123 2589 299 2670 ἰδιωτικῶν
318 2590 532 2674 συμβολαίων
551 2589 588 2652 αί
603 2591 728 2674 κρίσεις
745 2588 782 2654 ἐν
801 2587 937 2676 ήμέραις
950 2587 1136 2672 γιγνέσθω-

122 2712 187 2760 σαν
216 2693 309 2778 δέκα,
336 2693 414 2782 παρ’
438 2686 488 2771 οἷς
515 2693 557 2760 ἀν
584 2695 720 2779 γένηται
742 2696 779 2760 τὸ
804 2697 1019 2780 συμβόλαιον.
1063 2707 1136 2773 ταῖς

123 2799 160 2867 δὲ
188 2803 373 2885 συνθήκαις
398 2801 533 2878 ταύταις
560 2797 665 2886 μηδὲν
689 2799 805 2880 ἐξέστω
829 2808 1030 2887 προσθεῖναι
1052 2797 1131 2886 μηδ’

123 2909 260 2993 ἀφελεῖν
288 2902 343 2974 ἀπ’
365 2908 488 2992 αὐτῶν,
511 2908 529 2972 ὅ
551 2931 584 2973 τι
606 2906 648 2973 ἀν
671 2909 715 2993 μὴ
734 2904 905 2993 Ῥωμαίοις
926 2932 962 2975 τε
984 2907 1040 2975 καὶ
1064 2914 1133 2974 Λα-
1148 2927 1174 2969 25

45 3019 227 3095 1262τίνοις
250 3017 351 3082 ἀπασι
374 3017 464 3100 δοκή
500 3024 603 3081 ταῦτα
627 3011 688 3100 μὲν
707 3017 748 3100 δή
767 3012 926 3101 Ῥωμαῖοί
940 3041 974 3083 τε
992 3015 1047 3082 καὶ
1066 3021 1135 3082 Λοι-
1150 3020 1170 3083 3

193 3171 478 3245 4φηφησαμένηςΒ
564 3179 579 3227 9
598 3171 816 3262 παρακινησ<αί
829 3173 881 3246 τε)
899 3174 949 3227 Β“
941 3193 971 3228 m
989 3191 1043 3229 τοο
1064 3181 1135 3230 3—4

122 3246 179 3301 litt.
252 3254 285 3300 11
306 3265 397 3328 φανερ
399 3245 427 3300 ολ
449 3239 522 3313 ήσαν
545 3251 594 3298 τού
617 3264 647 3299 τε
670 3243 793 3314 πολέμου
812 3261 866 3300 om.
885 3245 910 3298 A
983 3253 1015 3301 18
1035 3247 1136 3302 *πο-λε

123 3317 245 3386 μίουςΟ
268 3316 375 3372 correxi
451 3314 682 3398 τεμνέσθωσαν
705 3315 728 3369 Β
805 3323 839 3370 24
859 3312 1026 3399 ἐξεστήήωΒ
1100 3324 1134 3373 26

122 3387 329 3514 άκαοιδιιεηαρ3
343 3389 380 3442 αδ
396 3388 545 3443 Λατῖνοι
537 3406 568 3442 1n
590 3404 655 3458 mge
679 3387 742 3445 add
762 3387 809 3441 Bb
838 3389 1016 3459 εαροττοτίμλ.
1037 3391 1131 3459 κείμε-

122 3465 194 3528 νονή
229 3479 289 3518 οκει
