2400 3912
465 223 629 270 -Δ-
991 217 1054 282 125

43 381 167 464 πολλὴν
192 381 325 465 σφόδρα
349 374 470 463 οὖσαν,
498 377 553 445 καὶ
576 379 725 464 ἀδελφὸν
748 380 990 467 πρεσβύτερον,
1019 380 1056 458 ὃς

44 489 152 571 ἔμελλε
174 489 376 571 τιμωρήσειν
398 493 444 575 τῷ
468 486 607 574 θανάτῳ
630 495 691 553 τοῦ
713 489 852 572 πατρός,
882 489 914 553 εί
935 488 979 572 μὴ
1002 487 1056 570 γέ-

43 616 130 660 νοιτο
160 593 328 676 ἐκποδῶν,
355 592 477 678 ἀφανεῖ
504 594 643 681 θανάτῳ
673 593 950 679 διαχρησάμενος,
977 591 1051 659 οὐδ’

43 698 119 784 ἐμοῦ
144 701 247 784 δῆλος
268 695 312 784 ην
335 703 534 785 φεισόμενος
557 699 683 785 ἐρήμου
701 709 768 764 τῶν
787 699 1055 782 ἀναγκαιοτάτων

43 809 235 889 γεγονότος,
267 808 299 872 εί
329 807 373 891 μὴ
405 806 468 889 τὴν
500 805 657 872 ἐπίθετον
691 805 885 890 ἐσκηψάμην
917 808 1082 893 μορίανο

43 915 137 977 τοῦτό
161 935 201 996 με
223 913 261 978 τὸ
284 913 419 996 πλάσμα
441 909 623 978 πιστευθὲν
645 911 711 977 ὑπὸ
735 920 795 978 τοῦ
818 912 987 998 τυράννου
1010 913 1091 996 μὴ4

44 1017 142 1082 ταύτά
164 1024 288 1085 παθεῖν
311 1019 451 1096 ἐκείνοις
474 1018 636 1106 ἐρρύσατο
659 1016 714 1084 καὶ
737 1017 832 1103 μέχρι
853 1027 914 1084 τοῦ
932 1020 1055 1104 παρόν-

44 1148 94 1200 τος
117 1122 301 1191 διασέσωκε
323 1127 463 1211 χρόνου·
488 1134 553 1191 νῦν
577 1123 607 1190 δ’
631 1125 711 1191 αὐτὸ
735 1135 879 1209 πρῶτον,
902 1126 973 1209 ἣκει
991 1126 1055 1210 γὰρ

46 1229 61 1294 δ
81 1233 213 1317 καιρός,
244 1231 284 1298 δν
308 1232 454 1316 εὐχόμην
476 1255 511 1297 τε
534 1229 591 1297 καὶ
613 1232 879 1316 προσεδεχόμην,
906 1229 1055 1316 πέμπτον

43 1337 102 1420 ἤδη
125 1345 226 1403 τοῦτο
249 1335 304 1402 καὶ
328 1339 480 1404 είκοστὸν
499 1340 571 1416 ἔτος
590 1336 738 1422 φυλάξας
757 1337 965 1421 ἀποτίθεμαι.
999 1335 1054 1402 καὶ
1069 1359 1095 1397 ιο

44 1439 162 1527 τὰμὲν
184 1441 260 1529 περὶ
282 1443 365 1528 ἐμοῦ
387 1453 540 1510 τοσαῦτα.

11 1571 45 1620 ³24
106 1549 283 1616 LXXVIII.
322 1551 369 1615 Τδ
392 1546 429 1616 δὲ
452 1550 564 1633 κοινά,
587 1545 671 1637 ὑπὲρ
696 1545 743 1616 ὧν
765 1550 850 1635 ὑμᾶς
873 1551 920 1628 είς
943 1548 1054 1634 ἐκκλη-

47 1659 118 1720 σίαν
134 1655 348 1738 συνεκάλεσα,
367 1655 458 1722 ταῦτ’
477 1657 553 1722 ἐστί.
582 1658 771 1743 Ταρκύνιον
786 1657 861 1722 οὔτε
879 1658 961 1722 κατὰ
976 1659 1055 1734 τοὺς

46 1765 199 1849 πατρίους
228 1762 321 1847 ἡμῶν
348 1763 510 1848 ἐθισμοὺς
536 1761 592 1830 καὶ
619 1766 744 1848 νόμους
771 1764 832 1847 τὴν
855 1764 1055 1828 δυναστείαν

46 1871 245 1952 κατασχόντα
265 1868 348 1953 οὔτ’,
373 1870 487 1953 ἐπειδη
506 1868 662 1955 κατέσχεν
677 1869 765 1946 ὅπως
780 1871 914 1951 δήποτε
929 1870 1054 1954 λαβών,
1071 1889 1095 1928 15

47 1978 148 2051 καλῶς
170 1974 253 2059 αὐτῇ
277 1971 332 2040 καί
355 1978 536 2059 βασιλικῶς
554 1977 738 2063 χρώμενον,
762 1972 834 2041 ἀλλ’
851 1975 1055 2060 ὑπερβεβλη-

47 2081 121 2144 κότα
150 2081 275 2157 πάντας
309 2080 404 2165 όβρει
431 2105 467 2146 τε
494 2079 550 2148 καὶ
576 2086 766 2168 παρανομία
793 2084 873 2158 τοὺς
900 2082 985 2147 ὅπου
1013 2083 1055 2165 δή

46 2207 120 2250 ποτε
146 2184 347 2271 γενομένους
374 2187 576 2273 τυράννους,
605 2187 790 2273 ἀφελέσθαι
814 2189 876 2271 τὴν
900 2187 1055 2266 ἐξουσίαν

48 2294 292 2378 βεβουλεύμεθα
325 2297 549 2372 συνελθόντες
582 2295 617 2360 οἱ
645 2297 826 2380 πατρίκιοι,
859 2294 960 2358 πάλαι
993 2291 1054 2378 μὲν

50 2397 132 2482 δίον,
155 2399 191 2465 ἐν
215 2408 319 2488 καιρῷ
339 2396 375 2465 δὲ
394 2408 459 2465 νῦν
478 2399 559 2465 αὐτὸ
574 2408 749 2476 ποιοῦντες
762 2398 946 2487 ἐπιτηδείῳ,
971 2399 1055 2483 ὑμᾶς
1069 2419 1094 2458 2⁰

49 2497 87 2586 τ’,
118 2501 142 2570 ὦ
175 2507 334 2591 δημόται,
367 2505 648 2591 συνεκαλέσαμεν,
681 2507 736 2572 ἵνα
767 2507 829 2589 τὴν
859 2509 1055 2592 προαίρεσιν

51 2608 294 2696 ἀποδειξάμενοι
324 2613 387 2696 τὴν
420 2611 548 2678 ἑαυτῶν
581 2613 832 2696 συναγωνιστὰς
864 2610 1055 2697 ἀξιώσωμεν

52 2714 122 2798 ἡμῖν
142 2716 313 2801 γενέσθαι,
339 2718 544 2804 πράττοντας
567 2717 765 2805 ἐλευθερίαν
787 2727 826 2803 τῇ
849 2720 994 2804 πατρίδι,
1016 2714 1055 2804 ἧς

54 2821 119 2887 οὔτε
140 2826 304 2910 πρότερον
326 2824 407 2908 ἡμῖν
431 2822 595 2907 ἐξεγένετο
619 2828 827 2909 μεταλαβεῖν,
850 2823 883 2903 ἐξ
908 2820 948 2890 οὗ
971 2829 1055 2912 Ταρ-

54 2929 154 3007 κύνιος
183 2931 247 3014 τὴν
279 2929 385 3016 ἀρχὴν
412 2928 584 3014 κατέσχεν,
618 2927 694 2996 οὔθ’
717 2930 873 3015 ὕστερον,
906 2931 965 2996 ἐδιν
990 2939 1054 2996 νῦν
1069 2949 1095 2989 ²5

56 3041 309 3120 μαλακισθῶμεν,
330 3033 465 3114 ἐξέσται.
497 3038 529 3101 εί
545 3032 606 3121 μὲν
625 3031 688 3102 οὖν
707 3041 830 3124 χρόνον
848 3031 949 3122 εἶχον,
973 3037 1089 3103 ὅσον2

276 3135 290 3172 δ

114 3263 311 3333 4ἀναγκαίων
335 3278 358 3317 ο,
379 3261 538 3333 Stephanus
618 3262 688 3319 ῖτδι
706 3263 820 3318 αότδιΒ
900 3271 931 3320 17
950 3284 980 3320 τε
1000 3281 1054 3320 om.

57 3327 270 3402 Βλδποιδήποτε
289 3332 342 3386 ΑΒ
361 3350 432 3389 corr.
452 3333 613 3424 Stephanus
704 3341 737 3390 19
756 3343 809 3389 νῦν
828 3334 1013 3399 συνελθόντες
1032 3338 1055 3393 0

69 3406 152 3479 Ιτεοῖετ
169 3404 191 3457 Β
246 3409 280 3459 21
300 3423 330 3460 τε
350 3403 372 3458 O
427 3411 461 3460 23
480 3425 531 3473 την
551 3401 717 3475 ἐλευθερίαν
736 3404 900 3461 dubItanter
918 3424 941 3460 ο.
960 3406 1056 3462 Kiess-

57 3415 126 3545 ἐῶςι
140 3474 311 3546 πράττοντες
328 3474 381 3530 AB
417 3474 591 3547 πράττοντας
608 3476 694 3544 vulgo
