2400 3912
125 211 167 276 82
553 214 717 264 -Δ-

124 375 242 438 κόπτοι
269 373 327 450 τὰς
356 372 487 456 οὐσίας,
520 372 675 438 ἁπάντων
704 365 738 436 δ’
770 371 837 456 ἅμα
863 371 925 454 την
955 371 1122 455 παρρησίαν

125 476 180 544 καί
203 479 265 562 τὴν
288 479 485 566 ἐλευθερίαν
509 479 701 565 ἀφαιροῖτο·
724 482 848 561 πολλῆς
870 498 906 542 τε
928 477 1054 561 μωρίας
1073 477 1122 558 ἔφη

126 583 182 651 καὶ
204 588 425 670 θεοβλαβείας
447 581 534 652 είναι
555 587 644 672 παρὰ
663 593 817 670 πονηροῦ
836 580 891 649 καί
910 583 1049 648 ἀνοσίου
1065 583 1124 666 τρό-

126 713 193 758 πον
211 695 357 780 χρηστόν
374 714 407 757 τι
425 689 482 757 καὶ
500 692 747 777 φιλάνθρωπον
762 689 904 768 ἐλπίζειν
917 685 974 753 καὶ
986 690 1126 771 νομίζειν,

100 799 173 877 σόος
205 798 223 864 ὁ
256 809 324 864 τῶν
358 796 629 882 συγγενεστάτων
656 819 692 861 τε
719 793 776 861 καί
804 794 1071 878 ἀναγκαιοτάτων
1094 795 1127 876 μὴ

126 905 328 990 φεισάμενος
351 913 418 968 τῶν
442 903 626 990 ἀλλοτρίων
650 906 813 988 φείσεται·
842 900 985 987 παρῄνει
1008 924 1044 966 τε
1064 898 1129 976 τέως

128 1011 219 1076 οὔπω
247 1012 308 1075 τὸν
335 1011 473 1094 χαλινὸν
501 1011 657 1094 εἰλήφασι
688 1011 758 1092 [τῆς
787 1010 953 1088 δουλείας]
982 1006 1060 1093 περὶ
1082 1013 1163 1070 τοῦτο

128 1118 171 1201 μη
194 1120 308 1200 λαβεῖν
328 1115 432 1182 αὐτὸν
451 1116 686 1201 διαμάχεσθαι,
710 1113 743 1192 ἐξ
764 1109 812 1180 ὧν
830 1112 937 1198 ἕτερον
955 1116 1131 1179 πεπόνθασι

129 1224 251 1288 δεινῶν
273 1221 563 1309 τεκμαιρομένους,
587 1222 609 1299 ἃ,
632 1224 835 1306 σνμβησεται
857 1227 983 1286 παθεῖν
1002 1221 1115 1296 αὐτοῖς.

89 1347 115 1386 10
173 1328 393 1400 ,XXXXVIL
434 1331 578 1414 Τοιαύτη
605 1330 797 1413 καταδρομῇ
822 1336 883 1393 τοῦ
910 1328 1048 1413 Τύρνου
1069 1349 1132 1410 χρη·

129 1434 280 1521 σαμένον
299 1433 354 1500 καί
378 1446 445 1501 τῶν
468 1440 602 1501 πολλῶν
622 1436 757 1520 σφόδρα
775 1432 984 1518 κινηθέντων
1004 1430 1060 1498 ἐπὶ
1077 1441 1133 1507 τοῖς

129 1544 243 1625 λόγοις
274 1543 493 1626 αἰτησάμενος
525 1544 572 1618 είς
604 1541 789 1624 ἀπολογίαν
820 1540 838 1606 ό
872 1541 1061 1626 Ταρκύνιος
1086 1539 1134 1620 τὴν

129 1647 290 1712 ἐπιοῦσαν
313 1645 440 1733 ἡμέραν
463 1645 518 1712 καὶ
541 1648 669 1732 λαβών,
698 1647 743 1724 ὡς
766 1645 783 1712 ὁ
807 1647 971 1731 σύλλογος
995 1645 1136 1726 διελύθη,
1184 1637 1185 1648 ’

129 1750 360 1837 παρακαλέσας
376 1755 456 1830 τοὺς
469 1753 751 1837 ἀναγκαιοτάτους
764 1751 897 1818 ἐσκόπει
913 1751 981 1836 μετ’
1000 1751 1136 1830 ἐκείνων,

90 1876 117 1916 15
130 1859 206 1924 τίνα
223 1857 386 1943 χρηστέον
404 1870 474 1937 τοῖς
490 1861 661 1946 πράγμασι
679 1862 813 1945 τρόπον.
843 1859 879 1924 οἱ
894 1856 956 1942 μὲν
975 1853 1041 1923 οὖν
1055 1859 1138 1922 ἄλλοι

131 1967 210 2040 τοὺς
233 1967 364 2047 λόγους,
389 1965 448 2044 οὓς
470 1962 513 2050 ἦν
536 1966 626 2054 αὐτῷ
650 1964 785 2031 λεκτέον
809 1963 862 2032 ἐπὶ
880 1973 937 2049 τῆς
955 1965 1138 2049 ἀπολογίας,

131 2070 329 2136 ὑπετίθεντο
351 2068 408 2136 καὶ
430 2075 509 2150 τοὺς
527 2075 682 2158 τρόπους,
707 2064 757 2149 οἷς
776 2073 844 2136 ἔδει
863 2073 901 2137 τὸ
920 2076 1053 2154 πλῆθος
1072 2071 1140 2136 ἀπο-
1186 2129 1187 2134 ,

131 2177 342 2261 θεραπεύειν,
367 2177 611 2262 ἀπελογίζοντο.
648 2179 748 2254 αὐτὸς
773 2174 803 2242 δ’
827 2177 844 2242 ὁ
868 2179 1057 2264 Ταρκύνιος
1074 2177 1141 2242 τού-

131 2308 200 2350 των
226 2280 288 2369 μέν
316 2284 456 2362 οὐδενὸς
484 2288 548 2370 ἔφη
573 2286 645 2350 δεῖν
668 2295 738 2361 τοῖς
760 2284 967 2368 πράγμασιν,
997 2285 1089 2350 ἰδίαν
1112 2281 1143 2347 δὲ

92 2409 119 2449 20
132 2393 271 2477 γνώμην
294 2390 510 2458 ἀπεδείκνυτο
529 2393 573 2476 μὴ
593 2394 633 2456 τὰ
650 2388 923 2477 κατηγορηθέντα
944 2391 1050 2474 λύειν,
1074 2386 1140 2454 ἀλλ’

97 2498 236 2563 2αύτὸν
264 2498 324 2562 τὸν
346 2501 619 2584 κατηγορήσαντα
643 2498 803 2583 ἀναιρεῖν.
840 2495 1090 2564 ἐπαινεσάντων
1113 2495 1144 2561 δὲ

132 2604 194 2686 τὴν
229 2603 367 2688 γνώμην
399 2605 555 2672 ἁπάντων
589 2606 834 2690 συνταξάμενος
865 2600 933 2688 μετ’
966 2605 1079 2671 αὐτῶν
1110 2607 1146 2669 τὰ

133 2711 215 2774 κατά
238 2710 299 2793 τὴν
322 2709 475 2777 ἐπίθεσιν
498 2712 664 2799 πράγματι
683 2711 894 2796 ἐπεχείρησεν
911 2711 1029 2794 ἥκιστα
1048 2713 1147 2778 δυνα-

134 2815 223 2905 μένῳ
250 2828 364 2883 πεσεῖν
392 2820 440 2896 είς
466 2821 630 2904 πρόνοιαν
657 2817 879 2902 ἀνθρωπίνην
905 2815 962 2883 καί
984 2820 1187 2902 φνλακήνλόθ

206 3045 291 3114 Ῑτὴν
310 3061 364 3101 om
383 3046 436 3099 AB
510 3053 574 3100 ὅτε
593 3045 657 3100 add
676 3045 728 3099 AB
803 3046 871 3100 6ού
891 3044 1149 3115 mmeramme

135 3114 227 3179 εωςΟ
311 3124 394 3187 ῖτης
416 3118 546 3180 δουλείας
569 3117 622 3172 del.
646 3115 791 3186 Kiessling
812 3115 857 3170 Pr.
876 3116 940 3170 Bas.
959 3133 987 3186 p
1008 3123 1042 3171 13
1118 3122 1148 3169 13

135 3184 202 3242 ἐπι
150 3187 354 3311 π<ιχοῖισανΒ
437 3195 470 3243 16
488 3181 608 3256 νᾝνοδδ
626 3187 649 3240 Β
732 3194 766 3242 17
784 3188 855 3255 ὑπερ
858 3189 986 3242 ετίθεντο
1005 3187 1057 3240 ΑΒ
1078 3203 1148 3240 corr

136 3257 204 3326 Step
226 3276 295 3312 anus
316 3276 349 3314 ex
368 3259 438 3329 OD!
455 3257 539 3322 ἷοςΑ
576 3258 664 3321 οθςΒ
730 3264 763 3312 18
783 3258 887 3328 ἀπελογ
890 3259 980 3324 ίζοντο
998 3258 1051 3311 ΑΒ
1085 3253 1151 3311 έπε-

135 3331 275 3417 λογίζοντο
294 3330 319 3381 R
396 3337 430 3384 20
449 3330 676 3386 ἀπεδείκνυτοΒ
714 3329 900 3384 ἀπεδείκντο
918 3330 963 3396 ΑΙ
980 3327 1040 3383 ἀλλ’
1060 3329 1150 3382 αὐτὸν

138 3397 160 3450 Ο
198 3396 267 3450 ἀλλὰ
284 3399 334 3453 τὸν
353 3400 442 3453 Cobet
460 3400 563 3468 0bs,p
567 3406 621 3454 87
676 3405 709 3453 22
728 3399 775 3480 τὰ]
796 3415 850 3453 om.
868 3400 914 3454 Ba
945 3403 1032 3473 τῷΔ,
1050 3415 1151 3468 super-

138 3464 233 3533 script.
253 3466 300 3518 Bb
336 3467 372 3520 τὰ
390 3485 458 3524 corr.
479 3469 601 3522 Sintenis
620 3471 680 3525 Em.
699 3469 781 3524 Dion.
801 3470 828 3522 11
849 3475 881 3523 14
