2394 3912
135 184 201 250 330
565 187 726 239 -ἒ-

200 346 381 412 XXXXVI.
401 343 457 424 Ὡς
481 342 512 412 δ’
533 347 682 432 ἠγγέλθη
706 356 811 414 ταῦτα
833 357 904 425 τοῖς
928 347 964 413 ἐν
986 356 1026 432 τῇ
1043 349 1145 430 πόλει,

133 455 238 531 πολὺς
257 456 406 538 θόρυβος
429 452 483 519 καὶ
507 456 634 540 οἰμωγὴ
658 449 701 538 ἦν
723 452 780 520 καὶ
803 455 860 520 διὰ
882 465 950 520 τῶν
971 464 1145 518 στενωπῶν

135 563 269 647 δρόμος,
287 568 348 627 τοῦ
366 557 427 645 μὲν
447 562 556 646 δήμου
569 566 763 628 καταλιπεῖν
776 563 838 646 τὴν
851 563 953 626 πόλιν
964 575 1145 646 παρασκευ-

134 667 308 753 αζομένου,
331 678 398 733 τῶν
418 664 454 733 δὲ
472 669 655 754 πατρικίων
672 667 872 754 ἀποτρέπειν
891 666 1078 746 ἀξιούντων
1096 665 1145 732 καὶ

108 777 213 858 σβίαν
243 784 313 853 τοῖς
342 775 386 860 μὴ
416 772 635 876 βουλομένοις
664 773 881 862 προσφέρειν·
919 777 985 858 βοή
1013 796 1048 840 τε
1076 771 1144 858 περὶ

134 883 193 958 τὰς
220 883 327 958 πύλας
353 878 408 946 καὶ
435 883 541 958 πολὺς
568 881 807 966 ἀνακλαυθμὸς
833 877 876 964 ἦν
898 884 997 964 λόγοι
1020 903 1055 946 τε
1078 874 1142 944 κατ’

135 987 288 1071 ἀλλήλων
321 985 439 1074 ἐχθροὶ
470 987 526 1054 καὶ
553 991 634 1075 ἔργα
662 991 830 1073 πολεμίων
858 987 1012 1072 ἐγίνοντο
1040 984 1144 1052 ούκέτι

136 1095 366 1178 διακρίνοντος
390 1094 530 1174 οὐδενὸς
553 1095 630 1161 ούτε
652 1095 786 1179 ἡλικίαν
808 1093 922 1160 οὕτε
905 1096 1056 1180 εταιρίαν
1075 1094 1144 1158 ούτε

98 1198 272 1278 2ἀξίωσιν
294 1199 420 1285 ἀρετῆς.
457 1200 570 1285 ἐπειδὴ
595 1197 626 1266 δ’
649 1201 685 1266 οί
704 1199 883 1286 ταχθέντες
905 1200 970 1266 ὑπὸ
993 1207 1053 1283 της
1072 1202 1190 1284 βου-11

95 1324 122 1364 1⁰
135 1312 194 1391 λης
221 1316 385 1392 φρουρεῖν
411 1309 470 1384 τὰς
497 1306 647 1386 ἐξόδους·
682 1303 770 1390 ἦσαν
796 1309 860 1392 γάρ
889 1308 931 1391 δὴ
960 1306 1070 1389 ὀλίγοι
1096 1304 1144 1370 καὶ

135 1412 197 1497 οὐχ
221 1411 331 1478 ἱκανοὶ
354 1415 403 1478 έτι
425 1412 587 1499 ἀντέχειν·
621 1412 855 1496 ἐκβιασθέντες
876 1413 943 1478 ὑπὸ
962 1421 1024 1478 τοῦ
1044 1413 1144 1496 δήμου

134 1518 311 1586 κατέλιπον
333 1521 395 1604 τὴν
418 1521 587 1605 φυλακήν,
613 1522 688 1586 τότε
709 1521 774 1603 ἤδη
797 1521 835 1584 τὸ
860 1519 1042 1604 δημοτικόν
1065 1521 1143 1584 πολὺ

132 1624 290 1740 ἐξεχεῖτο,
323 1624 379 1690 καὶ
409 1627 447 1690 τὸ
479 1625 589 1704 πάθος
620 1621 664 1709 ἦν
693 1625 815 1692 ἁλώσει
844 1628 973 1703 πόλεως
1001 1623 1142 1710 ἐμφερές,

132 1699 263 1817 οἰμωγή
286 1756 321 1797 τε
343 1741 411 1796 τῶν
433 1731 672 1817 ὑπομενόντων
694 1730 751 1797 καὶ
774 1731 980 1816 κατάμεμψις
998 1731 1143 1814 ἀλλήλων

95 1855 121 1894 1⁵
136 1836 263 1920 ἐγίνετο
287 1836 519 1924 ἐρημουμένην
540 1839 602 1922 τὴν
624 1841 724 1904 πόλιν
747 1838 915 1925 ὁρώντων.
952 1839 1035 1924 μετά
1052 1847 1141 1903 τοῦτο

135 1945 259 2027 βουλαί
278 1967 313 2008 τε
336 1941 456 2030 συχναὶ
478 1942 534 2010 καὶ
556 1947 752 2032 κατηγορίαι
774 1955 841 2011 τῶν
860 1947 977 2011 αἰτίων
996 1943 1087 2030 τῆρ’
1071 1966 1143 2009 ατο-

136 2050 282 2127 στάσεως
295 2049 456 2134 ἐγίνοντο.
494 2050 531 2116 έν
551 2048 588 2116 δὲ
601 2059 647 2139 τῷ
663 2051 752 2140 αὐτῷ
768 2059 872 2140 καιρῷ
888 2049 944 2117 καὶ
957 2054 999 2116 τά
1011 2049 1142 2135 πολέμια

136 2159 220 2240 ἔθνη
249 2155 441 2223 ἐπετίθεντο
470 2157 585 2235 αὐτοῖς
611 2159 866 2244 προνομεύοντα
892 2159 954 2242 τὴν
982 2165 1048 2240 γῆν
1073 2158 1142 2240 ἄχρι

136 2273 194 2347 τῆς
218 2265 353 2340 πόλεως.
396 2263 431 2328 oc
451 2260 567 2347 μέντοι
589 2263 771 2330 ἀποστάται
793 2265 853 2330 τὸν
876 2264 1060 2349 ἀναγκαίου
1082 2261 1142 2328 ἐπι-

28 2390 49 2420 -x
98 2371 289 2454 νοσιτισμὸν
313 2370 438 2436 ἐκτῶν
456 2372 599 2454 πλησίον
622 2370 736 2455 ἀγρῶν
754 2372 992 2456 λαμβάνοντες,
1015 2372 1094 2436 ἀλλο
1112 2365 1138 2432 δ’

137 2471 238 2541 οὐδὲν
256 2476 318 2558 τὴν
336 2476 448 2562 χώραν
467 2485 742 2561 κακουργοῦντες,
763 2480 883 2562 έμενον
903 2477 1078 2563 ὑπαῶριοι
1093 2472 1141 2540 καὶ

136 2584 217 2659 τοὺς
242 2584 442 2667 προσιόντας
470 2580 505 2646 έκ
530 2590 588 2666 τῆς
610 2585 738 2660 πόλεως
760 2581 816 2648 καὶ
838 2593 906 2649 τῶν
929 2581 1023 2669 πέριξ
1047 2605 1142 2668 φρου·

102 2691 221 2776 3ρίων
248 2687 485 2773 ὑπελάμβανον
511 2690 657 2773 συχνοὺς
683 2691 748 2773 ἤδη
772 2687 979 2774 γινομένους.
1025 2689 1141 2770 οὐγὰρ

136 2798 244 2881 μόνον
271 2794 307 2859 οί
326 2795 367 2859 τά
389 2791 469 2880 χρέα
492 2792 547 2859 καὶ
570 2795 627 2870 τάς
650 2795 828 2872 καταδίκας
850 2793 905 2860 καὶ
927 2797 987 2873 τὰς
1008 2795 1141 2881 προσδο-

96 2921 123 2963 ετ
137 2900 288 2987 κωμίνας
313 2899 458 2983 ἀνάγκας
481 2902 661 2985 διαφυγεῖν
683 2902 945 2988 προαιρούμενοι
968 2900 1140 2986 συνέρρεον

207 3119 224 3168 6
244 3113 301 3165 ἀνα
302 3113 355 3164 κοιλ
356 3109 448 3179 οθμὸς
462 3107 552 3163 Cobet
565 3108 641 3164 Obs.
645 3127 673 3178 p
689 3115 739 3164 121
761 3110 912 3202 Sylburgio
931 3114 1061 3168 monente
1078 3111 1128 3164 ἀνα
1127 3137 1140 3149 -

22 3187 23 3190 ’
137 3189 189 3237 καλ
191 3180 318 3250 υσμὸςΟ
410 3185 443 3232 10
462 3173 590 3232 verba⁹
573 3197 629 3246 ητα
630 3200 646 3234 ν
670 3196 758 3248 usque
782 3181 820 3234 ad
844 3181 935 3252 δήμου
955 3183 1020 3240 add
1038 3182 1139 3248 inmge

137 3252 184 3303 Bb
204 3202 384 3372 ευρεεεοείρί.
403 3250 534 3317 κνείμενο
617 3255 649 3304 12
668 3248 784 3320 όττεδη
804 3252 948 3308 c.P0rbus
1026 3259 1057 3308 18
1075 3249 1138 3316 ἔθνη

140 3320 204 3374 add
223 3314 297 3389 ΒΙέ
298 3337 349 3373 πετ
351 3319 414 3372 όθετ
400 3335 472 3372 τ.οο
491 3317 635 3389 Kiessling
695 3327 727 3375 19
746 3322 877 3446 τῶνοάνα
840 3326 986 3393 ναγκαίων
1004 3323 1141 3393 Βαλάγρ-

143 3439 242 3504 ρῶνΑ
277 3441 329 3508 ἀγ
340 3447 396 3509 ρῶ
380 3439 438 3492 Β
511 3439 651 3510 mm..
670 3443 717 3497 Ba
752 3412 835 3514 μόνοι
822 3412 905 3518 ¹t'Bb'
