2400 3912
156 239 198 302 98
584 237 747 287 -A-

157 397 476 485 παρεσκευασμένων
496 397 659 463 εἰσελθὼν
675 396 751 482 δίχα
765 398 875 462 πόνου
893 398 1010 483 κύριος
1030 397 1160 480 ἐγεγόνει

122 508 215 589 2τῆς
237 508 371 581 πόλεως.
408 504 453 581 ὡς
476 499 507 568 δ’
529 503 684 588 ἐγνώσθη
708 504 746 568 τὸ
769 504 880 580 πάθος
902 503 1065 569 ἁπάντων
1084 527 1159 569 κατο-

158 611 354 698 δυρομένων
378 609 516 688 ἑαυτοὺς
540 611 593 675 οἵα
616 611 803 693 πείσονται,
827 610 960 694 σφαγάς
982 633 1018 676 τε
1042 609 1100 676 καὶ
1121 610 1160 676 άν-

159 720 409 804 δραποδισμοὺς
431 715 486 782 καὶ
508 718 617 782 πάντα
637 716 700 781 ὅσα
718 717 965 802 καταλαμβάνει
984 719 1085 783 δεινά
1102 720 1160 793 τοὺς

131 824 223 890 οὑπὸ
250 824 427 910 τυράννων
450 823 590 900 ἁλόντας
613 821 892 908 προσδοκώντων,
921 825 953 889 εί
974 821 1013 889 δέ
1036 826 1081 889 τὰ
1103 823 1160 908 κρά-

157 948 252 996 τιστα
274 929 442 1015 πράξειαν,
470 931 624 1005 δουλείας
646 951 681 995 τε
705 927 760 994 καὶ
782 931 961 1016 χρημάτων
984 929 1187 1015 άφαιρέσειςιυ

157 1035 213 1101 καὶ
244 1037 285 1101 τά
312 1037 411 1121 ὅμοια
436 1036 567 1112 τούτοις
594 1038 885 1119 κατεψηφικότων,
919 1033 1024 1102 οὐδὲν
1048 1036 1068 1102 ὁ
1096 1041 1161 1120 Ταρ-

158 1144 274 1220 κύνιος
300 1137 349 1208 ὧν
376 1143 590 1228 προσεδόκων
617 1164 652 1208 τε
679 1139 734 1207 καὶ
757 1142 972 1208 ἐδεδοίκεσαν
995 1146 1108 1209 καίτοι
1126 1165 1161 1206 κι-

159 1251 238 1335 κρὸς
265 1249 369 1334 ὀργὴν
396 1247 450 1314 καὶ
478 1245 554 1334 περὶ
580 1248 639 1325 τάς
665 1251 824 1334 τιμωρίας
846 1259 914 1314 τῶν
938 1248 1074 1336 ἐχθρῶν
1097 1249 1161 1314 άπα-

120 1336 313 1451 Ξραίτητος
345 1354 393 1420 δν
425 1355 575 1440 ἔδρασεν.
622 1355 699 1419 οὔτε
730 1356 794 1438 γάρ
828 1352 1021 1421 ἀπέκτεινεν
1054 1355 1162 1422 οὐδένα

160 1464 294 1546 Γαβίων
322 1456 393 1526 οὔτ’
419 1459 555 1544 ἐξήλασε
582 1469 640 1543 τῆς
666 1462 794 1536 πόλεως
822 1457 892 1526 οὔτ’
919 1464 967 1538 είς
995 1461 1162 1548 άτιμίανῆ

159 1569 337 1653 χρημάτων
364 1567 543 1651 ἀφαίρεσιν
570 1565 744 1650 ἐζημίωσε,
773 1565 979 1649 συγκαλέσας
1004 1567 1036 1632 δ’
1058 1570 1107 1646 είς
1126 1567 1140 1634 ἐ
1154 1608 1163 1616 -

160 1677 301 1756 κλησίαν
327 1675 365 1738 τὸ
388 1678 518 1757 πλῆθος
540 1670 595 1737 καὶ
618 1675 793 1756 βασιλικὸν
816 1673 852 1738 ἐκ
875 1684 1082 1759 τυραννικοῦ
1105 1676 1162 1759 τρό

160 1800 226 1844 που
259 1780 451 1863 μεταλαβὼν
483 1782 544 1862 τήν
572 1801 609 1844 τε
634 1782 734 1845 πόλιν
761 1780 875 1858 αὐτοῖς
904 1784 968 1866 ἔφη
997 1782 1060 1866 τὴν
1089 1783 1163 1846 ίδίαν

122 1903 148 1945 15
162 1884 360 1951 ἀποδιδόναι
386 1883 441 1950 καὶ
464 1887 521 1962 τάς
544 1885 675 1968 οὐσίας,
703 1884 741 1962 ἃς
765 1887 889 1970 έχουσι,
914 1899 1102 1971 συγχωρεῖν
1122 1884 1164 1951 καί

163 1994 227 2057 σὺν
258 1993 391 2068 τούτοις
418 1992 479 2075 τὴν
501 1987 672 2076 Ῥωμαίων
701 1994 927 2058 ἰσοπολιτείαν
954 1994 1058 2060 άπασι
1087 1995 1163 2078 χαρί-

164 2101 293 2181 ζεσθαι,
322 2097 363 2163 οὐ
392 2095 436 2162 δι’
458 2099 595 2164 εὔνοιαν
622 2099 684 2182 τὴν
706 2100 790 2183 πρὸς
812 2102 892 2176 τοὺς
915 2102 1076 2183 Γαβίους,
1104 2093 1161 2164 ἀλλ’

162 2206 218 2270 ’ίνα
255 2206 316 2289 τὴν
344 2201 515 2289 Ῥωμαίων
550 2203 733 2289 ἡγεμονίαν
770 2203 1029 2291 ἐγκρατέστερον
1059 2205 1164 2290 κατίχγ

162 2321 265 2378 ταῦτα
292 2311 459 2397 πράττων·
495 2314 675 2395 κρατίστην
702 2311 888 2395 ἡγούμενος
911 2313 1051 2378 ἐσεσδαι
1073 2317 1165 2397 φυλα-
1196 2349 1197 2354 1

123 2420 226 2503 ιοκὴν
254 2417 376 2483 ἑαυτοῦ
401 2440 437 2482 τε
464 2415 521 2482 καὶ
545 2427 613 2482 τῶν
636 2418 767 2482 παίδων
789 2417 851 2500 τὴν
874 2417 910 2483 ἐκ
932 2429 1001 2483 τῶν
1024 2417 1100 2506 παρ’
1124 2418 1164 2483 ἐ-

163 2526 261 2600 πίδας
293 2522 513 2607 σεσωσμένων
544 2521 600 2588 καὶ
630 2525 671 2588 τά
699 2525 768 2588 ἴδια
795 2525 902 2590 πάντα
930 2524 1165 2610 κεκομισμένων

129 2632 286 2694 4πίστιν.
322 2627 377 2694 καὶ
400 2629 456 2694 ἴνα
478 2626 584 2713 μηδὲν
608 2629 721 2706 αὐτοῖς
743 2633 792 2694 ἔτι
815 2632 912 2716 δείμα
930 2629 1007 2718 περὶ
1025 2641 1086 2698 τοῦ
1103 2630 1165 2716 μέλ·
1195 2687 1196 2724 3

165 2740 282 2813 λοντος
312 2735 443 2822 ὑπάρχῃ
475 2738 600 2820 χρόνον
632 2733 709 2820 μηδ’
735 2735 967 2821 ἐνδοιάζωσιν,
1001 2740 1034 2803 εί
1063 2737 1191 2822 βίβαιατί

163 2853 267 2909 ταῦτα
291 2845 387 2927 σφίσι
411 2844 569 2927 διαμενεῖ,
593 2843 723 2929 γράψας
746 2839 799 2926 ἐφ’
818 2835 869 2921 οἷς
887 2847 1021 2910 ἔσονται
1040 2846 1167 2918 δικαίοις

124 2969 151 3010 εε
165 2954 274 3036 φίλοι,
302 2947 440 3035 ιδπερὶ
463 2951 591 3015 τούτων
615 2949 711 3036 ὅρκια
734 2948 949 3016 συνετέλεσεν
972 2949 1027 3017 ἐπὶ
1049 2961 1103 3035 τῆς
1122 2949 1167 3014 ἐκ-

236 3222 252 3269 3
272 3216 417 3269 πείσονται
437 3212 547 3284 σφαγάς
563 3213 640 3268 ABb
672 3215 819 3269 πεί.οντεσ
837 3213 932 3284 φαγδις
949 3213 996 3271 Ba
1011 3219 1016 3284 Ι
1031 3235 1060 3270 τε
1076 3211 1132 3267 εδδ.
1147 3210 1167 3261 Β

167 3291 199 3338 13
218 3282 322 3354 τρόπον
346 3301 368 3340 ο.
393 3283 482 3340 Cobet
504 3285 570 3340 Obs.
590 3305 617 3354 p.
635 3290 668 3341 88
743 3291 777 3338 14
796 3286 959 3357 μεταβαλὼν
977 3285 1003 3338 Α
1074 3291 1104 3338 16
1119 3281 1169 3348 τὴν

161 3353 485 3428 Ῥωμαίων-ἀλλ’ίνα
504 3356 609 3410 add.B
666 3362 698 3411 18
718 3356 786 3411 κατέ
805 3376 832 3411 οι
851 3359 876 3409 Α
912 3356 1094 3429 κατέχ<ρ>Β
1135 3358 1194 3416 20,

168 3420 309 3510 ἐλπίδαβ
399 3432 432 3478 22
454 3423 494 3479 ἐτι
517 3427 624 3506 {zdd3B
722 3434 756 3482 23
776 3377 815 3490 εές
840 3425 943 3499 βέβαια
960 3459 995 3468 -
1016 3425 1125 3497 διαμένῃ
1145 3422 1169 3474 R

170 3491 197 3546 εί
214 3494 342 3560 διαμενει
360 3494 383 3545 Β
402 3511 470 3548 corr.
489 3495 632 3564 K1esshng
