2384 3902
132 225 199 292 244
560 227 725 277 -Ε-

132 386 188 454 καὶ
210 389 347 464 θυσίαις
371 388 550 470 διετησίοις
569 387 604 452 ol
618 384 758 470 πατέρες
776 386 888 451 αὐτῶν
907 383 1025 462 ἔταξαν
1042 384 1145 468 γεραί-

134 501 272 579 ρεσθαι,
306 492 487 578 μέλλοντας
515 494 758 578 σφενδονητῶν
788 493 979 577 συμμαχίαν
1004 487 1065 556 ἀντὶ
1094 490 1147 554 τὸν

98 603 281 686 ὃπόλεμον
313 600 594 687 προσλαμβάνειν.
643 600 828 684 κεφάλαιον
861 595 901 664 δὲ
930 607 989 682 τῆς
1019 595 1148 680 γνώμης

133 703 176 791 ήν
205 708 294 796 αὐτῷ
322 708 411 773 τόδε·
448 708 528 783 τοὺς
554 703 615 791 μὲν
638 705 803 783 θέλοντας
825 717 893 771 τῶν
915 709 1065 770 πολιτῶν
1087 725 1147 766 κοι

107 825 257 880 ενωνελν
279 822 338 896 τῆς
361 811 397 878 έκ
419 822 481 878 τοῦ
503 811 652 896 πολέμου
674 813 776 897 τύχης
798 808 852 877 ἐπὶ
873 801 1085 887 τοίςάὐτοῑς
1106 810 1148 872 δι

135 923 258 999 καίοις,
290 911 342 995 οἷς
373 917 429 984 καλ
460 929 528 984 τῶν
556 920 667 984 ἀλλων
694 917 846 1000 ἕκαστος,
878 916 1148 1003 παραλαμβάνειν

136 1023 189 1091 ἐπὶ
221 1025 262 1089 τά
293 1025 482 1110 πράγματα·
521 1027 601 1102 τοὺς
633 1020 671 1090 δὲ
707 1025 789 1090 κατὰ
827 1027 1003 1108 συνθήκας
1038 1021 1149 1096 ὁποίας

138 1133 259 1213 δήποτε
297 1119 489 1226 άξιρῦντας
509 1130 758 1214 ἀναλαμβάνειν
794 1132 835 1196 τά
871 1131 958 1196 ὅπλα
989 1126 1070 1214 περὶ
1101 1135 1149 1211 της

137 1238 311 1324 πατρίδος,
342 1237 387 1314 ὡς
410 1233 511 1304 οὐδὲν
535 1240 566 1302 εί
587 1237 723 1321 λάβοιεν
746 1238 998 1321 ὠφελήσοντας,
1026 1236 1149 1319 χαίρειν

97 1365 123 1404 10
138 1342 206 1409 έᾶν.
252 1346 283 1408 εί
308 1344 372 1427 γάρ
399 1352 500 1410 τοῦτο
528 1344 687 1429 μάθοιεν,
715 1342 817 1422 είξειν
845 1343 969 1419 αὐτοὺς
991 1345 1077 1426 έφη,
1104 1337 1150 1404 καὶ

136 1441 291 1535 παρέξειν
313 1459 402 1535 σφᾶς
425 1450 548 1527 αὐτοὺς
569 1461 640 1528 τοῖς
662 1451 703 1515 τά
724 1450 883 1534 κράτιστα
905 1446 983 1534 περὶ
1003 1455 1071 1512 τοῦ
1090 1443 1192 1510 κοιιιι

137 1565 201 1621 νοῦ
223 1557 447 1640 βουλεύουσιν
471 1556 647 1634 εὐπειθεῖς.
685 1555 844 1622 εἰωθέναι
866 1557 930 1640 γάρ
954 1555 1008 1620 ἀεί
1028 1575 1102 1630 πως
1120 1553 1150 1616 τὸ

138 1663 283 1745 ἀνόητον
314 1663 418 1746 ἅπαν,
452 1662 532 1727 ὅταν
561 1660 624 1745 μέν
638 1647 701 1738 ’τις
728 1661 811 1727 αὐτὸ
837 1660 1002 1746 κολακεύῃ
1032 1658 1151 1744 μεγάλα

139 1779 291 1854 φρονεῖν,
317 1768 397 1833 ὅταν
420 1764 457 1834 δλ
481 1769 670 1852 δεδίττηται
693 1779 908 1853 σωφρονεῖν.-

99 1893 125 1936 ιι
207 1873 373 1938 LXVIIII.
403 1869 512 1940 Αὗται
540 1871 602 1959 μὲν
626 1875 664 1938 αἱ
683 1879 839 1940 πλεῖστον
863 1873 1018 1958 ἀλλήλων
1044 1869 1152 1955 διαφέ-

139 1995 261 2063 ρουσαι
295 1990 426 2064 γνῶμαι
457 1979 659 2065 ἐλέχθησαν,
696 1979 806 2066 ἕτεραι
838 1977 879 2045 δέ
907 2002 997 2057 τινες
1031 1979 1071 2044 αί
1101 1978 1152 2060 τήν

140 2085 262 2169 μεταξὺ
293 2087 423 2152 τούτων
455 2090 592 2172 ἔχουσαι
622 2086 736 2172 χώραν
770 2088 906 2171 συχναί,
945 2085 982 2150 οί
1006 2081 1072 2169 μὲν
1098 2085 1152 2167 γάρ

140 2193 264 2271 αὐτοὺς
287 2195 393 2277 μόνον
417 2192 579 2278 ἀφείσθαι
602 2204 670 2258 τῶν
692 2203 801 2278 χρεῶν
823 2195 903 2269 τοὺς
921 2186 1028 2277 μηδὲν
1048 2215 1153 2274 κεκτη·
1190 2225 1191 2232 1

141 2298 263 2384 μένους
294 2299 427 2383 ήξίονν,
456 2302 497 2365 τά
528 2303 678 2386 χρήματα
707 2307 883 2376 ποιοῦντες
909 2298 1065 2382 ἀγώγιμα
1092 2307 1153 2373 τοῖς

101 2427 128 2466 νο
144 2407 347 2490 δανεισταῖς,
376 2406 418 2472 οὐ
444 2406 484 2471 τά
512 2407 662 2490 σώματα·
695 2406 731 2470 οί
756 2401 794 2471 δέ
820 2407 859 2470 τὸ
887 2406 1055 2489 δημόσιον
1079 2400 1153 2486 ὑπὲρ

140 2523 208 2578 τῶν
236 2512 414 2577 ἀδυνάτων
442 2513 597 2577 διαλῦσαι
623 2513 665 2577 τά
688 2514 876 2596 συμβόλαια
898 2511 1153 2593 συνεβούλευον,

142 2619 198 2682 ἵνα
225 2619 246 2701 ή
273 2641 310 2682 τε
337 2621 446 2696 πίστις
473 2627 541 2683 τῶν
563 2621 716 2703 πενήτων
738 2618 804 2684 ὑπὸ
827 2627 886 2703 τῆς
908 2619 1074 2702 δημοσίας
1097 2641 1152 2700 φυ-

141 2729 252 2808 λαχθῇ
288 2725 423 2808 χάριτος
453 2722 509 2790 καὶ
541 2726 578 2790 οί
606 2727 871 2810 συμβεβληκότες
902 2725 1018 2802 αὐτοῖς
1049 2719 1153 2808 μηθὲν

142 2830 360 2914 ἀδικηθῶσιν.
397 2829 506 2896 ἐδόκει
529 2829 569 2896 δέ
588 2847 656 2895 τισι
678 2827 734 2895 καλ
756 2840 824 2895 τῶν
845 2831 910 2912 ήδη
929 2827 1152 2914 κατεχομένων

216 2994 230 3041 1
250 2984 281 3041 δ’
300 2991 363 3048 ταῖς
377 2981 497 3056 ἐτησίοις
509 2985 587 3039 ABb
615 2987 843 3056 διταιςαιτησίοις
856 2985 903 3040 Ba
935 2982 1100 3056 δημοτελέσι
1112 2982 1154 3037 καλ

144 3053 255 3128 ἕορταῖς
268 3006 396 3126 έτησίοις
415 3056 556 3148 arReiske
589 3059 740 3148 διετησίοις
752 3055 898 3138 Kiessling
953 3063 972 3110 4
991 3054 1153 3136 έθέλονταςλ

143 3126 233 3251 ται]
248 3127 638 3323 ἐςελλξαελῇ
653 3127 799 3254 τινα
812 3127 980 3254 ιλιεκ
999 3125 1151 3254 ξιιλιι

146 3265 231 3320 οὐδὲν
250 3265 277 3322 εί
294 3266 379 3334 vulgo
403 3265 488 3322 οὐδὲν
508 3265 601 3323 οὐδέ
632 3269 736 3324 Reiske
819 3275 851 3323 11
871 3269 907 3324 τὰ
926 3287 981 3326 om.
999 3269 1051 3323 AB
1124 3273 1151 3321 13

147 3334 296 3402 μεγάλαΟ
334 3334 405 3405 μέγα
423 3354 446 3391 ο.
467 3336 591 3392 Sintenis
609 3339 669 3394 Em.
688 3338 770 3394 Dion.
785 3341 862 3394 1134
881 3339 1091 3410 CobetObs.·p.
1108 3345 1152 3392 106
1188 3371 1189 3398 ι

148 3401 183 3453 cf.
204 3402 316 3456 Observ.
335 3421 412 3458 meas
432 3406 545 3460 criticas
563 3426 591 3476 p.
611 3416 662 3464 320
677 3426 726 3477 equ
783 3417 816 3466 16
836 3406 1013 3480 ἐλέχθησαν
1030 3410 1079 3464 Bb
1126 3413 1152 3462 18
1188 3409 1189 3438 ¹

149 3475 204 3519 τῶν
222 3470 367 3539 ὑποχρέων
386 3490 409 3527 ο.
427 3474 531 3529 ΒοὶεΙω
