2384 3902
136 182 202 248 248
565 184 730 234 -E-

137 345 200 410 ὅσα
227 343 344 428 ἠξίουν
370 340 447 427 περὶ
472 344 533 409 τὸν
560 341 676 427 ἕτερον
702 342 896 428 ὑπάρχοντα
923 353 994 409 τῶν
1023 343 1148 408 ὑπάτων

141 455 243 516 Τῖτον
273 449 438 531 Λάρκιον·
480 449 499 516 ὁ
526 451 778 534 γὰρ’Κλοίλιω
810 449 848 517 ἐν
874 461 948 527 ταῖς
975 454 1148 524 πολιτικαῖς

137 558 264 642 χρείαις
291 556 455 641 διάφορος
481 557 530 621 ὢν
556 557 595 621 τὸ
622 558 827 640 δραστήριον
849 555 906 623 καί
930 559 1147 641 φιλοπόλεμον

138 663 200 728 ούκ
222 658 322 748 εἰχεν,
346 661 428 728 οὐδέ
447 685 485 746 γε
507 664 546 728 τδ
569 662 707 747 ἀρχικὸν
729 659 786 727 καλ
809 665 972 748 φοβερόν,
996 659 1068 727 ἀλλ’
1089 660 1145 725 ἐπι-

115 771 228 853 εεικης
255 770 398 853 τιμωρὸς
424 764 468 852 ἦν
496 779 564 834 τῶν
587 768 836 834 ἀπειθούντων·
872 768 893 852 η
918 765 956 833 δὲ
981 769 1086 851 βουλὴ
1108 762 1143 832 δι’

137 877 298 960 αἰσχύνης
329 874 518 959 ἐλάμβανον
550 883 612 940 τοῦ
646 870 707 959 μλν
734 874 922 959 ἀφελέσθαι
949 873 1014 958 τὴν
1041 873 1145 960 ἀρχήν,

137 982 181 1066 ἣν
203 984 286 1046 κατὰ
309 983 388 1058 τοὺς
411 983 537 1065 νόμους
560 975 637 1066 εἰχε,
659 988 705 1068 τῷ
731 977 768 1046 δὲ
791 984 1001 1067 χαρίσασθαι
1019 981 1080 1064 τὴν
1097 980 1144 1064 άμ

139 1087 292 1173 φοτέρων
320 1087 490 1169 ἐξουσίαν,
518 1090 653 1172 μείζονα
677 1091 853 1172 βασιλικοῦ
876 1091 1044 1172 σχήματος
1066 1110 1145 1170 γινο·

139 1192 257 1279 μένην·
288 1197 348 1259 καί
373 1217 406 1259 τι
434 1191 488 1259 καλ
519 1192 595 1270 δέος
622 1194 729 1278 αὑτὴν
756 1192 871 1279 ὑπῄει,
901 1194 947 1278 μὴ
976 1192 1144 1279 βαρεῑαυὸ

104 1324 131 1363 10
142 1303 299 1377 Κλοίλιος
334 1299 543 1384 ἡγησάμενος
577 1301 640 1384 τὴν
673 1299 857 1380 ἀπαξίωσιν
889 1309 948 1384 τῆς
981 1299 1083 1386 ἀρχῆς
1111 1300 1144 1375 ὡς

138 1405 365 1502 ἠτιμασμένος
392 1406 458 1472 ὑπὸ
490 1415 549 1490 τῆς
581 1410 706 1491 βουλῆς
737 1410 848 1472 ἔπειτα
880 1412 1064 1490 μεταθῆται
1094 1406 1144 1488 τὴν

137 1517 334 1599 προαίρεσιν
361 1521 422 1578 τοῦ
451 1515 528 1596 βίον
551 1522 613 1578 τοῦ
636 1514 746 1597 δήμου
767 1516 950 1597 γενόμενος
973 1513 1181 1598 προστάτηςλθλ

103 1617 194 1685 3καί
221 1620 329 1686 πάντα
356 1617 525 1706 ἀνατρέψῃ
548 1620 590 1685 τὰ
611 1618 717 1684 κοινά.
764 1618 978 1703 αἰδουμένων
1002 1615 1034 1684 δ’
1053 1619 1143 1683 ὑπάν-

140 1748 219 1805 τωυ,
243 1724 264 1790 ἃ
287 1735 495 1809 φρονοῦντες
518 1724 712 1809 ἐτύγχανον,
736 1725 784 1801 εἰς
806 1724 911 1808 μέσον
930 1723 1082 1811 ἐκφέρειν
1099 1724 1144 1790 καί

104 1854 130 1894 15
140 1830 236 1916 μέχρι
262 1836 390 1896 πολλοῦ
417 1840 516 1896 τοῦτο
539 1831 730 1898 ποιούντων
754 1830 772 1896 ὁ
795 1832 1023 1914 πρεσβύτατός
1042 1854 1076 1896 τε
1097 1829 1143 1894 καλ

139 1938 335 2020 τιμιώτατος
361 1949 429 2004 τῶν
456 1937 624 2002 ὑπατικῶν
653 1939 791 2021 γνώμην
813 1937 1023 2021 ἀπεδείξατο,
1049 1934 1092 2002 δι’
1112 1932 1143 2018 ἧς

141 2042 417 2128 άμφοτέρουςέν
446 2049 501 2130 ἰση
530 2052 607 2129 τιμῇ
630 2048 710 2122 τοὺς
732 2045 881 2121 ὑπάτους
903 2043 1051 2128 φυλάξας
1072 2037 1139 2127 παρ’

140 2151 251 2216 αὐτῶν
275 2149 412 2215 ἐκείνων
435 2151 494 2215 τὸν
517 2149 783 2234 ἐπιτηδειότερον
801 2151 915 2234 ἀρχειν
935 2149 1060 2235 εύρετο·
1086 2151 1141 2232 ἔφη

139 2258 203 2342 γάρ
232 2257 322 2345 αὑτῷ
349 2257 477 2338 δοκεῖν,
506 2255 620 2339 ἐπειδὴ
643 2258 680 2322 τὸ
704 2253 766 2341 μὲν
788 2265 846 2340 της
868 2254 972 2338 ἀρχῆς
994 2255 1105 2340 κράτος
1124 2254 1140 2334 ὑ

102 2387 131 2426 20
140 2385 175 2429 τε
203 2363 308 2446 βουλὴ
340 2362 499 2446 διέγνωκε
525 2358 581 2426 καί
595 2360 627 2427 ιὸ
656 2362 760 2445 δῆμος
787 2361 993 2444 ἐπεψήφικεν
1021 2359 1068 2426 ἐνὶ
1094 2361 1141 2424 δο

139 2475 260 2553 θῆναι,
287 2469 349 2533 δύο
374 2464 411 2532 δλ
434 2469 663 2532 καταλείπεται
686 2469 810 2550 βουλῆς
832 2463 887 2532 καὶ
911 2469 1087 2552 φροντίδος
1106 2464 1142 2529 οὐ

141 2584 259 2661 μικρᾶς
278 2575 431 2658 δεόμενα,
451 2576 501 2650 τίς
519 2572 537 2638 ὁ
556 2575 835 2657 παραληψόμενος
852 2574 914 2657 την
933 2575 1140 2658 ἰσοτύραννον
1177 2575 1178 2650 ψ

117 2721 120 2726 ·
141 2681 247 2766 ἀρχὴν
258 2683 349 2745 ἔσται
365 2678 419 2746 καὶ
433 2680 499 2745 ὑπὸ
509 2681 601 2756 τίνος
613 2677 825 2762 ἀποδειχθεὶς
837 2678 990 2758 ἐξουσίας
1001 2682 1139 2763 νομίμου,

141 2760 179 2854 ἐκ
201 2797 269 2853 τῶν
291 2789 364 2851 τότε
388 2789 497 2852 ὄντων
520 2786 656 2851 ὑπάτων
679 2785 739 2850 τὸν
761 2784 891 2868 ἕτερον,
917 2792 982 2851 εἰτε
1005 2807 1139 2869 παραχω-

213 3023 229 3070 3
253 3013 409 3082 ἀρεταῖςΟ
439 3016 546 3083 χρείαις
564 3012 710 3082 Kiesnling
817 3019 833 3066 5
856 3012 874 3081 ἡ
898 3010 930 3067 δὲ
956 3013 1054 3085 βουλὴ,
1079 3024 1137 3078 quae

142 3086 240 3166 verba·
253 3084 327 3174 “dd''
343 3084 405 3150 Bb,
432 3083 512 3138 uncis
540 3083 657 3138 inclusit
684 3082 827 3174 ξλεεελίος
855 3086 884 3138 et
911 3102 935 3138 v.
957 3091 972 3139 6
997 3079 1136 3205 ἐλάμραιον

141 3157 261 3284 δῖἰλέλῖ
279 3151 422 3291 ῗαίλίέὑ
438 3154 556 3292 ἰιειίι
570 3157 845 3289 ὑασιίίίοξχίμω
864 3155 1134 3295 (ίίῗῗλίίῗλίλέ

143 3291 235 3358 δήμου
253 3292 279 3345 A
313 3295 477 3361 προαίρεσιν
499 3303 549 3349 τοῦ
569 3296 632 3367 βίον
651 3295 741 3365 δήμου
759 3295 782 3346 Β
799 3297 804 3362 Ι
820 3246 968 3364 γινόμενάξ
986 3313 1009 3350 ο.
1027 3287 1134 3348 Ηετίλείο

145 3359 260 3413 Hermes
279 3360 304 3412 X
321 3379 348 3429 p.
364 3369 417 3416 414
509 3371 541 3418 18
566 3364 663 3434 εὑροτο
686 3367 711 3418 Α
748 3363 895 3432 εὑρατοΒ
933 3363 1069 3434 εὑρετοῦ
1098 3360 1134 3416 εὑ-

50 3479 52 3484 .
148 3444 230 3493 ροντο
247 3428 272 3478 Ι)
346 3438 378 3485 19
398 3433 472 3504 αὐτῷ
492 3433 543 3486 ΑΒ
