2384 3902
561 171 723 220 ..Ε-

131 333 257 414 τρόπον
277 329 402 413 ἀπάτης
421 329 532 415 ἐξεῦρε
550 340 618 396 τῶν
636 331 913 417 νεωτεριζόντων,
938 324 983 393 δι’
1002 323 1044 393 οὗ
1060 339 1135 412 πρῶ-

132 459 191 501 τον
222 432 284 520 μὲν
316 433 412 502 αὐτοί
444 439 587 521 μηδενὸς
617 436 856 520 ἀναγκάζοντες
883 437 931 513 είς
958 437 997 500 ἓν
1024 437 1134 520 χωρίον

131 541 269 626 ἥξουσιν
285 532 291 545 ’
307 544 343 608 οί
375 554 443 610 τῶν
475 543 675 630 ἀπορρήτων
706 542 944 628 βουλευμάτων
976 541 1132 626 ἡγεμόνες,

132 644 232 715 ἔπειτ’
253 649 511 736 ἀναμφιλέκτοις
533 651 720 717 ἁλώσονται
742 653 944 735 τεκμηρίοις,
967 649 1053 714 ὥστε
1066 645 1130 733 μηδ’

110 756 314 841 εάπολογίαν
346 757 460 835 αὐτοῖς
491 760 749 824 καταλείπεσθαι
780 758 962 841 μηδεμίαν,
994 756 1076 839 πρὸς
1103 751 1131 818 δὲ

129 865 260 942 τούτοις
290 865 351 930 οὐκ
383 867 430 943 είς
462 855 587 950 ἔρημον
619 861 846 950 συναχθέντες
874 867 979 930 τόπον
1007 859 1080 928 οὐδ’
1104 859 1132 926 έν
1172 881 1173 956 ᾗ

129 971 255 1054 ὀλίγοις
273 971 437 1057 μάρτυσιν
456 968 714 1055 ἐξελεγχθέντες,
738 966 811 1036 ἀλλ’
832 968 868 1035 έν
887 968 994 1056 ἀγορᾷ
1010 969 1130 1033 πάντων
1172 959 1173 980 ’

130 1075 287 1160 ὁρώντων
314 1081 490 1162 γενόμενοι
513 1087 713 1162 καταφανεῖς
737 1075 758 1140 ἀ
780 1079 942 1162 προσήκει
964 1077 1130 1154 πείσονται,

128 1186 253 1268 ταραχή
285 1179 316 1248 τ’
349 1184 487 1269 οὐδεμία
519 1187 693 1269 γενήσεται
724 1185 807 1249 κατὰ
839 1184 900 1266 τήν
935 1185 1035 1248 πόλιν
1066 1177 1162 1245 οὐδίῑι

95 1310 120 1351 ιο
131 1288 366 1367 ἐπαναστάσεις
394 1289 532 1376 ἑτέρων,
563 1283 618 1357 οἷα
645 1293 845 1376 συμβαίνειν
872 1294 968 1374 φιλεῖ
991 1286 1066 1374 περὶ
1086 1288 1131 1363 τὰς

129 1397 281 1474 κολάσεις
302 1407 369 1462 τών
392 1401 668 1483 νεωτεριζόντων,
692 1396 747 1462 καὶ
770 1393 863 1462 ταῦτ’
886 1395 923 1461 έν
949 1393 1129 1480 ἐπισφαλέσι

129 1514 265 1589 καιροῖς.

196 1609 279 1674 LVI.
312 1609 433 1688 ’Ἄλλος
464 1607 525 1695 μὲν
558 1605 622 1675 οὖν
653 1612 696 1675 ἀν
725 1633 775 1688 τις
802 1610 952 1695 ἀποχρῆν
980 1607 1129 1691 ὑπέλαβεν

129 1715 210 1780 αὐτὸ
237 1715 275 1780 τὸ
302 1717 485 1800 κεφάλαιον
513 1718 634 1799 εἰπεῖν,
663 1716 714 1782 ότι
741 1717 919 1800 συλλαβὼν
947 1717 1026 1792 τοὺς
1048 1736 1128 1798 μετα-
1173 1723 1174 1732 ’

94 1840 119 1881 1⁶
129 1823 270 1906 σχόντας
292 1832 359 1887 τῶν
382 1821 580 1909 ἀπορρήτων
603 1823 842 1908 βουλευμάτων
864 1820 1067 1903 ἀπέκτεινεν,
1091 1820 1161 1896 ώςίῖί

128 1927 244 2011 ὀλίγης
266 1937 335 2006 τοϊς
357 1930 526 2014 πράγμασι
549 1931 724 2014 δηλώσεως
743 1928 838 1995 δέον·
871 1928 936 2011 ἐγὼ
956 1926 994 1994 δὲ
1011 1925 1128 1994 καὶτὸν

128 2036 253 2119 τρόπον
287 2045 344 2119 της
375 2039 569 2120 συλλήψεως
600 2046 668 2101 τῶν
701 2035 837 2122 ἀνδρῶν
870 2036 1017 2121 ίστορίας
1046 2034 1128 2114 ἀξιον

64 2161 71 2174 ·
128 2135 214 2207 εἶναι
237 2143 377 2226 νομίσας
400 2144 513 2226 ἔκρινα
536 2145 580 2227 μή
603 2148 796 2228 παρελθεῖν,
821 2141 1069 2226 ἐνθυμούμενος
1085 2141 1127 2206 ὅτι

127 2260 197 2326 τοῖς
219 2247 488 2332 ἀναγινώσκουσι
510 2250 568 2327 τὰς
591 2250 738 2335 ίστοριάς
761 2248 823 2333 οὐχ
847 2249 966 2314 ἱκανόν
989 2247 1073 2314 έστιν
1089 2248 1128 2322 είς

92 2354 294 2441 ιοώφέλειαν
330 2356 368 2421 τὸ
399 2354 493 2432 τέλος
525 2356 606 2420 αὐτὸ
641 2366 708 2421 τῶν
739 2352 960 2441 πραχθέντων
992 2353 1127 2434 ἀκοῦσαι,

128 2461 260 2528 ἀπαιτεῖ
280 2458 312 2526 δ’
335 2460 471 2539 ἕκαστος
493 2460 548 2527 καὶ
571 2464 629 2540 τὰς
652 2464 757 2539 αίτίας
776 2463 949 2547 ίστορήσαι
967 2471 1034 2526 τῶν
1050 2483 1126 2544 γινο-

127 2567 237 2652 μένων
255 2566 310 2634 καὶ
329 2572 407 2646 τοὺς
424 2571 568 2654 τρόπους
586 2578 653 2634 τῶν
670 2567 823 2650 πράξεων
841 2566 973 2645 καὶτὰς
991 2569 1125 2642 διανοίας

127 2684 195 2740 τῶν
217 2675 415 2761 πραξάντων
437 2673 493 2740 καὶ
515 2677 555 2740 τά
577 2676 666 2762 παρὰ
690 2684 750 2740 τοῦ
774 2676 952 2760 δαιμονίου
976 2675 1123 2760 συγκυρή-

128 2797 242 2864 σαντα,
265 2780 320 2847 καὶ
344 2783 486 2867 μηδενὸς
509 2781 650 2866 ἀνήκοος
673 2785 831 2865 γενέσθαι
855 2791 921 2848 τῶν
943 2783 1123 2866 πεφυκότων

91 2899 196 2966 εστοίς
218 2889 389 2974 πράγμασι
402 2893 696 2975 παρακολουθεῖν·
732 2898 802 2965 τοῖς
825 2884 863 2954 δὲ
885 2894 1064 2966 πολιτικοῖς
1079 2881 1122 2952 καὶ

198 3079 393 3136 4*ἔπειταο
467 3080 639 3151 8προςήκεν
658 3082 705 3135 Ba
739 3088 861 3151 προςῆκε
880 3081 926 3135 Bb
991 3079 1123 3149 θοώτεμία

128 3151 180 3218 ΑΒ
217 3153 335 3221 οὐδεμία
356 3151 407 3205 OD
481 3158 514 3206 10
534 3149 777 3215 ἐπαναστάσειςΒ
850 3147 1040 3214 έπαναστασις
1057 3149 1122 3218 signo

86 3279 98 3302 ι
127 3218 258 3271 lectionis
281 3221 383 3274 dubiae
407 3221 580 3289 adpositoA
605 3227 609 3291 Ι
634 3218 753 3293 ἑταίρων
772 3240 794 3277 ο.
815 3222 981 3277 dubitanter
998 3219 1122 3286 Kiessling

130 3291 163 3337 19
184 3283 257 3340 έστιν
276 3290 340 3343 add.
359 3290 408 3344 B.
443 3298 475 3345 21
514 3291 693 3361 ινομόνωνΟ
732 3290 889 3362 γενομένων
907 3293 1050 3362 Kiessling
1096 3296 1121 3342 λλ

130 3350 232 3438 τόπμυς
255 3372 277 3408 ο.
300 3357 410 3426 Krflger
432 3360 468 3412 ad
490 3311 604 3428 ssionys.
627 3363 731 3417 Hister.
750 3381 777 3433 p.
798 3369 832 3418 55
857 3364 919 3418 coll.
941 3365 993 3433 XI,
1014 3371 1028 3416 1
1052 3363 1057 3431 Ι
1077 3369 1120 3414 τῶν

131 3422 300 3485 πθοίξεωνΒ
336 3433 384 3492 της
402 3427 527 3495 πράξεως
545 3429 571 3481 R
