2384 3902
123 203 189 270 218
551 206 719 255 -E-

129 366 260 452 Ράμης,
288 366 405 432 στάσιν
433 367 623 450 εἰσάγοντες
647 376 719 442 τοῖς
740 363 863 450 πένησι
886 365 972 451 πρὸς
994 367 1071 442 τοὺς
1092 365 1136 430 εὑ

89 476 259 560 2πόρους.
303 475 368 560 ἤδη
396 469 426 539 δ’
449 472 598 540 ὑπεκίνει
625 473 664 538 τὸ
687 474 775 538 πολὺ
798 480 861 538 τοῦ
886 471 1069 556 δημοτικοῦ
1090 471 1169 557 μέ-ςτο

125 605 184 666 ρος
202 577 256 646 καὶ
275 579 394 664 ἐνόσει,
418 580 561 666 μάλιστα
580 576 618 645 δέ
636 581 675 646 τὸ
693 581 824 666 ἄπορον
842 576 900 644 καὶ
918 579 985 644 ὑπὸ
1006 580 1136 644 δανείων

125 684 380 772 ἠναγκασμένον
407 687 522 772 μηκέτι
544 689 586 752 τά
607 687 768 772 κράτιστα
790 693 837 774 τῷ
861 693 967 775 κοινῷ
993 697 1136 770 φρονεῖν·

98 793 168 860 τού
195 796 258 880 γάρ
286 794 476 880 ἐμετρίαζον
504 793 541 860 ἐν
570 803 643 871 ταῖς
670 791 839 872 ἐξουσίαις
866 792 903 858 οί
929 794 1136 876 δανείζοντες,

126 896 198 967 ἀλλ’
225 903 272 978 είς
304 902 447 986 δεσμοὺς
479 902 520 966 τὰ
546 909 615 966 τῶν
645 897 822 986 ὑποχρέων
850 898 984 984 ἀπῆγον
1013 899 1136 984 σώματα

89 1005 180 1080 3ααί
214 1007 323 1094 ὥσπερ
351 1007 601 1094 ἀργυρωνήτοις
628 1005 743 1084 αὐτοῖς
771 1006 929 1092 ἐχρίοντο.
976 1015 1080 1072 ταῦτα
1103 1007 1135 1089 δι’]

127 1113 247 1197 μαθὼν
275 1115 419 1198 ἐπεμψεν
442 1113 461 1179 ὁ
488 1114 674 1200 Ταρκύνιος
702 1113 749 1190 είς
776 1113 839 1197 την
862 1116 965 1180 πόλιν
989 1114 1058 1198 ἅμα
1078 1124 1136 1190 τοίς

127 1217 283 1305 πρέσβεσι
310 1230 378 1286 τῶν
401 1223 558 1285 Λατίνων
583 1219 798 1297 ἀνυπόπτους
820 1221 915 1297 τινάς
939 1221 1069 1306 ἄνδρας
1089 1219 1136 1305 φέ-

85 1353 114 1392 ιο
128 1349 248 1413 ροντας
269 1328 424 1413 χρυσίον,
449 1330 485 1391 οἲ
505 1329 679 1403 συνιόντες
702 1328 750 1404 είς
773 1327 896 1409 λόγους
918 1337 993 1404 τοῖς
1011 1326 1136 1413 ἀπόροις
1181 1337 1182 1368 ¹

127 1431 181 1498 καί
203 1433 440 1520 θρασυτάτοις,
464 1431 583 1498 καὶτὰ
605 1428 668 1517 μὲν
689 1434 756 1516 ἤδη
781 1433 935 1511 διδόντες
958 1432 1084 1517 αὐτοῖς,
1104 1436 1135 1497 τὰ

129 1535 172 1622 δ’,
197 1542 228 1605 εί
244 1539 438 1606 κατέλθοιεν
457 1539 493 1605 οί
509 1543 668 1624 βασιλεῖς,
688 1539 983 1625 ἐπαγγελλόμενοι,
1002 1543 1135 1616 πολλοὺς

127 1646 217 1710 πάνυ
239 1657 306 1710 των
326 1652 472 1712 πολιτῶν
491 1644 705 1732 διέφθειραν·
729 1643 785 1712 καὶ
803 1647 933 1730 γίνεται
951 1650 1134 1732 συνωμοσία

127 1753 209 1817 κατὰ
231 1759 288 1835 τῆς
309 1751 561 1839 ἀριστοκρατίας
584 1752 626 1817 ού
649 1755 757 1836 μόνον
781 1751 975 1839 ἐλευθέρων
1000 1753 1134 1839 ἀπόρων,

87 1882 114 1923 15
128 1857 212 1923 ἀλλὰ
228 1855 285 1923 καὶ
304 1859 436 1925 δούλων
448 1869 608 1945 πονηρῶν
622 1858 818 1946 ἐλευθερίας
832 1858 965 1926 ἐλπίσιν
980 1859 1135 1946 ὑπαχθέν-

127 1987 206 2047 των,
226 1967 261 2030 ot*
277 1965 332 2030 διά
350 1968 429 2044 τούς
446 1964 674 2044 κολασθέντας
689 1965 900 2050 ὁμοδούλους
914 1966 952 2033 ἐν
967 1976 1014 2057 τῷ
1030 1973 1134 2054 παρελ-

128 2073 228 2137 θόντι
259 2070 399 2160 ἐνιαυτῷ
433 2073 605 2157 δυσμενῶς
637 2070 693 2137 καὶ
726 2071 914 2158 ἐπιβούλως
942 2075 1167 2161 διακείμενοαιι

128 2180 211 2264 πρὸς
239 2181 318 2256 τοὺς
345 2180 521 2260 δεσπότας,
552 2178 795 2264 ἀπιστούμενοί
813 2203 851 2245 τε
872 2175 930 2246 ὑπ’
953 2181 1067 2247 αὐτῶν
1091 2179 1136 2246 καὶ
1180 2233 1181 2270 J

129 2286 167 2352 ἐν
192 2286 351 2366 ὑποψίαις
379 2287 471 2363 ὄντες
494 2286 539 2363 ὡς
561 2284 617 2351 καὶ
640 2284 736 2352 αὐτοὶ
760 2289 880 2371 σφίσιν
904 2285 1138 2372 ἐπιθησόμενοί
1180 2279 1181 2368 J

88 2418 116 2458 εο
129 2413 208 2460 ποτε
227 2396 258 2459 εί
274 2394 393 2478 καιρὸν
411 2393 557 2476 λάβοιεν,
581 2394 721 2478 άσμενοι
734 2403 805 2470 τοῖς
817 2398 1053 2479 παρακαλοῦσι
1066 2395 1136 2480 πρὸς

94 2500 192 2584 4την
216 2499 367 2566 ἐπίθεσιν
389 2500 593 2584 ὑπήκουσαν.
630 2498 649 2564 ὁ
671 2495 709 2565 δὲ
725 2507 784 2584 τῆς
803 2503 1020 2584 συνωμοσίας
1037 2501 1136 2567 αὐτόν

129 2608 261 2672 τοιόσδε
287 2602 330 2694 ᾗν
357 2608 522 2692 λογισμός.
567 2607 647 2683 τοὺς
673 2603 735 2691 μὲν
757 2605 924 2691 ἡγεμόνας
945 2616 1006 2692 τῆς
1029 2607 1136 2693 ἐπιχει-

131 2715 258 2799 ρήσεως
294 2715 361 2780 ἐδει
394 2711 604 2799 φυλάξαντας
634 2709 727 2779 νύκτ’
757 2711 923 2797 ἀσέληνον
955 2715 1015 2792 τὰς
1047 2717 1135 2800 ἀκρας

131 2818 186 2888 καὶ
213 2823 291 2898 τοὺς
317 2821 482 2907 ἐρυμνοὺς
509 2829 568 2905 τῆς
590 2821 716 2897 πόλεως
738 2822 862 2898 τόπους
884 2819 1133 2905 καταλαβέσθαι·

90 2951 117 2994 τε
132 2930 210 3007 τοὺς
233 2925 271 2995 δέ
292 2929 512 3015 θεράποντας,
536 2928 617 2992 ὅταν
635 2931 822 2992 αίσθωνται
840 2937 1049 3014 κρατοῦντας
1066 2928 1133 2994 ἐκεί-

130 3061 211 3114 νους
232 3048 299 3103 τῶν
318 3035 497 3120 ἐπικαίρων
516 3035 661 3118 χωρίων·
685 3032 864 3122 ἀλαλαγμῷ
885 3031 923 3101 δέ
941 3031 1034 3101 τοῦτ’
1055 3038 1132 3119 ἐμελ-

204 3262 416 3317 Naaman
438 3261 508 3314 πολὺ
531 3259 578 3312 Ba
617 3260 778 3316 ὑπεκινεῖτο
800 3263 872 3316 πολύ
897 3262 945 3316 Bb
987 3264 1132 3318 ὑπεκινείτο
1179 3207 1180 3244 J

134 3328 166 3381 τὸ
184 3331 253 3382 πολὺ
272 3330 297 3382 A
352 3339 367 3384 6
386 3329 477 3399 δεσμδι
495 3346 517 3384 ο.
538 3329 626 3384 Cobet
645 3331 711 3386 Obs.
731 3349 758 3399 p.
775 3337 825 3387 102
882 3339 898 3388 λ
918 3333 1008 3396 οὑτως
1027 3331 1132 3404 ἐχρῶντο

137 3396 159 3448 0
196 3397 290 3458 αὐτοῖς
309 3397 347 3466 ἔγ.
367 3399 497 3453 Schnelle
515 3399 612 3453 Exere.
630 3418 657 3469 p.
675 3409 707 3456 10
782 3409 815 3458 17
835 3399 1002 3476 ἐπιβούλως]
1022 3404 1133 3463 ὑπούλων

137 3479 160 3515 ο.
180 3463 336 3531 Stephanus
