2384 3902
152 205 218 271 300
575 205 737 258 -ς-

151 390 224 444 νοις
257 363 503 451 ἀποκριναμένη
536 369 714 450 ψηφίζεται
746 366 807 431 τὸν
838 361 912 430 κατ’
945 365 1160 431 Οὐολούσκων

150 475 306 557 πόλεμον.

218 578 339 644 XXVI.
362 577 436 642 Ἔτι
465 576 498 644 δ’
523 578 624 662 αύτής
650 577 688 643 ἐν
709 587 756 666 τῷ
780 581 1011 667 βουλευτηρίῳ
1035 583 1159 657 καθεζο-

153 683 254 769 μένης
276 683 332 750 καὶ
355 687 443 762 τίνες
466 680 534 749 εἷεν
558 685 717 769 δυνάμεις
739 686 796 762 τάς
818 683 1079 770 ἐξελευσομένας
1098 695 1184 750 σκο-ιλ

126 794 290 876 ιπούσης,
310 794 357 868 είς
375 792 437 874 τήν
457 791 585 875 ἀγοράν
603 790 690 875 ἀνήρ
704 793 930 876 πρεσβύτερος
944 791 1055 875 ἐφάνη
1076 791 1159 876 ῥάκος

152 897 386 985 ἠμφιεσμένος,
405 899 551 981 πώγωνα
566 901 681 981 βαθὺν
694 899 860 974 καθεικὼς
879 896 935 963 καὶ
953 902 1065 982 κόμην
1084 902 1157 981 βοῶν

152 1003 207 1071 καὶ
231 1005 490 1088 ἐπικαλούμενος
507 1003 622 1088 τήνέξ
642 1003 835 1089 ἀνθρώπων
853 1003 1062 1088 ἐπικουρίαν.
1094 1025 1156 1068 συν-

154 1113 340 1197 δραμόντος
370 1108 407 1176 δέ
434 1121 496 1176 τοῦ
524 1114 668 1194 πλησίον
696 1113 799 1195 ὄχλου
823 1112 916 1193 στάς,
946 1112 1031 1175 ὅθεν
1061 1114 1155 1195 ἔμελλε

152 1223 288 1296 πολλοῖς
305 1218 498 1302 καταφανὴς
516 1220 664 1300 ἔσεσθαι,
685 1220 761 1301 ἔφη,
781 1217 967 1301 Γεννηθεὶς
984 1218 1154 1301 ἐλεύθερος.

115 1352 140 1390 10
155 1325 412 1413 ἐστρατευμένος
443 1326 502 1401 τάς
539 1324 575 1388 ἐν
607 1323 719 1411 ἡλικίᾳ
757 1328 946 1409 στρατείας,
984 1323 1041 1390 καὶ
1078 1327 1155 1388 δυεῖν

153 1433 294 1509 δεούσας
321 1432 499 1517 τριάκοντα
522 1431 628 1516 μάχας
651 1431 916 1515 ἀγωνισάμενος,
944 1428 1000 1496 καὶ
1024 1431 1154 1514 ἀριστεῖα

153 1540 311 1615 πολλάκις
339 1539 485 1623 εἰληφὼς
513 1537 549 1602 ἐκ
575 1548 643 1602 τῶν
670 1536 842 1622 πολέμων,
873 1538 988 1621 ἐπειδη
1010 1537 1154 1621 κατέσχον

154 1646 189 1710 οί
218 1647 279 1729 τήν
311 1646 411 1709 πόλιν
445 1647 492 1720 είς
522 1645 580 1720 τὰς
613 1643 751 1728 ἐσχάτας
783 1646 921 1728 ἀγοντες
950 1647 1153 1729 στενοχωρίας

153 1753 280 1836 καιροί,
308 1748 405 1835 χρέος
427 1750 647 1833 ἠναγκάσθην
670 1753 787 1833 λαβεῖν
810 1749 907 1816 ἕνεκα
930 1759 993 1815 τοῦ
1017 1751 1152 1815 διαλῦσαι

115 1880 140 1920 15
154 1858 212 1932 τάς
244 1854 521 1942 εἰσπραττομένας
553 1857 726 1941 εἰσφοράς,
755 1856 800 1934 ὡς
826 1858 864 1920 τὸ
892 1839 957 1941 μέν
982 1860 1101 1942 χωριόν
1127 1856 1154 1918 οί

154 1962 306 2047 πολέμιοι
333 1962 556 2047 κατέδραμον,
586 1964 626 2026 τά
655 1959 692 2027 δέ
720 1965 804 2028 κατὰ
830 1966 930 2028 πόλιν
953 1965 992 2028 αἱ
1012 1964 1150 2028 σιτοδεῖαι
1182 2035 1183 2042 η

127 2147 130 2152 ,
154 2069 404 2151 κατανάλωσαν,
425 2070 507 2133 ὅθεν
527 2069 723 2154 διαλύσαιμί
738 2092 804 2153 μου
822 2071 860 2133 τὸ
879 2069 978 2154 χρέος
995 2071 1056 2135 οὐκ
1073 2073 1149 2153 ἔχων,

154 2176 312 2260 ἀπήχθην
335 2176 457 2250 δοῦλος
475 2175 540 2239 ὑπὸ
559 2184 620 2239 τοῦ
640 2176 818 2241 δανειστοῦ
837 2179 901 2240 σὺν
920 2187 991 2254 τοῖς
1009 2178 1090 2253 υίοῖς
1105 2177 1149 2238 δυ-

156 2287 223 2348 σίν·
261 2279 491 2358 ἐπιτάττοντος
524 2277 561 2346 δέ
593 2291 654 2346 τοῦ
687 2283 852 2348 δεσπότου
879 2294 947 2348 τῶν
977 2283 1018 2348 ού
1045 2283 1148 2368 ῥᾳδίων

117 2413 143 2453 ιο
157 2392 257 2482 ἔργον
279 2412 311 2453 τι
334 2388 499 2453 ἀντειπὼν
523 2387 612 2476 αὐτῷ
635 2391 762 2472 πληγάς
784 2391 906 2471 ἐλαβον
930 2389 1059 2474 μάστιξι
1078 2388 1147 2453 πάνυ

120 2494 290 2570 2πολλάς.
331 2491 423 2558 ταῦτ’
446 2494 549 2558 εἰπὼν
572 2495 718 2579 ἐρρίπτει
740 2497 777 2560 τὸ
802 2496 921 2580 ῥάκιον
944 2493 1000 2560 καὶ
1024 2496 1146 2561 ἐδείκνυε
1180 2525 1181 2536 2

154 2603 191 2666 τὸ
216 2606 341 2684 στήθος
365 2601 486 2684 μεστὸν
509 2601 719 2685 τραυμάτων,
742 2604 783 2666 τά
807 2599 844 2668 δέ
867 2613 958 2668 νῶτα
981 2603 1107 2687 αἵματος
1122 2539 1181 2664 έκῑῐέ

156 2718 226 2772 τῶν
255 2712 392 2791 πληγῶν
425 2707 587 2773 ἀνάπλεω.
633 2718 780 2793 κραυγῆς
813 2706 849 2775 δέ
879 2707 934 2774 καὶ
963 2711 1100 2794 οἰμωγῆς
1121 2707 1146 2770 ἐκ
1179 2781 1180 2786 ¹

155 2825 223 2879 τῶν
246 2817 422 2901 παρόντων
440 2812 620 2899 γινομένης
638 2817 658 2899 ἠ
676 2839 712 2880 τε
730 2816 836 2899 βουλή
857 2817 1000 2899 διελύθη
1019 2814 1147 2881 καὶκατὰ
1179 2789 1180 2863 ἀ

228 2977 245 3025 4
263 2973 343 3033 τίνας
361 2968 436 3026 εἷναι
455 2971 590 3043 δυνάμεις
607 2973 658 3036 τάς
677 2969 892 3043 ἐξελευσομένας
911 2973 933 3028 O
962 2976 1038 3036 τίνες
1051 2969 1101 3027 εἶεν
1113 2972 1148 3022 διι

156 3043 254 3114 νάμεις
272 3042 323 3104 τὰς
342 3037 378 3107 ἒξ.
398 3043 500 3097 Portus
537 3043 588 3112 χρὴ
607 3045 654 3098 vel
673 3047 721 3098 δεῖ
735 3047 801 3098 ante
821 3042 895 3099 εῖναι
914 3044 1054 3099 excidisse
1072 3061 1091 3097 ο.
1105 3039 1148 3110 Syl·
1178 3011 1179 3101 ἀ

157 3115 230 3181 burg
311 3112 646 3182 9καταφανήσεσθαιΑ
728 3120 762 3169 10
782 3115 912 3184 στρατιὰς
930 3115 1064 3179 πάσαςΒ
1127 3117 1147 3163 ll

157 3181 346 3250 ἠγωνισμένος
364 3199 387 3235 ο.
408 3184 530 3236 Reudler
548 3183 638 3238 Τίτου.
658 3204 684 3254 p.
699 3190 735 3239 46
800 3193 833 3239 13
853 3190 1039 3257 στενοχωρίας
1057 3187 1149 3255 ἄγοντες
1177 3233 1178 3248 ,

157 3251 188 3338 B!
267 3258 301 3303 14
319 3252 555 3318 ἀναγκασθελςΟ
591 3255 780 3325 ἠναγκάσθην
800 3273 821 3310 ο.
842 3256 947 3310 Reiske
1036 3264 1067 3311 17
1085 3257 1149 3308 *δια-
1177 3249 1178 3338 ἠ

159 3324 239 3371 λυσαι
258 3338 311 3386 μου
330 3322 355 3372 Α
392 3324 526 3376 διαλῦσαί
541 3327 631 3392 μονΒ
670 3326 836 3396 διαλύσαιμί
851 3347 905 3396 μου
925 3343 979 3396 ego
1035 3335 1068 3382 20
1082 3325 1149 3394 ἔργον

159 3387 298 3440 ἀντειπὼν
317 3388 399 3442 ABD
429 3390 515 3460 ἐργων
534 3413 560 3447 τι
580 3394 606 3447 ά.
626 3395 651 3447 R
679 3394 761 3466 ἔργον
779 3416 806 3450 τι
825 3397 851 3451 ἀ.
872 3395 962 3452 Cobet
977 3397 1043 3452 Obs.
1057 3417 1082 3467 p.
1098 3402 1137 3450 11ss

161 3455 256 3520 λαβεῖν
274 3456 351 3508 ABG
388 3462 480 3530 λαβὼν
498 3462 550 3514 DE
588 3462 688 3536 έλαβοη
708 3483 730 3521 ο.
750 3467 854 3521 Reiske
927 3475 961 3524 21
982 3465 1125 3524 ἐδείκνυΒ
