2394 3912
154 207 220 273 334
583 209 746 262 -3-

153 367 394 455 ἐλευσομένους
415 378 636 458 πανστρατιᾷ,
664 372 748 456 πρὸς
771 370 830 448 οὑς
853 369 926 436 οὐδ’
950 370 1092 456 ἀντᾶραι
1113 372 1160 436 δυ-

153 479 327 562 νήσονται,
356 479 392 543 οδ
417 477 459 543 οὐ
481 476 646 563 σφέτερον
669 477 830 562 ἡγοῦνται
853 479 891 543 τὸ
914 483 1068 562 σωθῆναι
1093 477 1160 562 ἀγα-

153 587 232 667 θόν,
256 582 340 649 ἀλλὰ
361 595 430 650 τῶν
453 584 782 669 συναγωνιουμένων
804 584 985 669 εὐτύχημα·
1017 582 1111 662 τέλος
1132 582 1160 650 δὲ

153 699 274 756 τοῦτον
296 689 517 778 προσθέντων
539 692 599 757 τὸν
622 694 736 775 λόγον,
760 692 805 770 ὡς
827 692 968 776 ἀμειυον
990 691 1056 775 ἤδη
1076 689 1160 756 αὑτοὶ

122 819 135 861 ε
153 799 321 880 μαθόντες
334 799 392 874 τὰς
405 798 607 883 κατεχούσας
620 799 683 882 τὴν
697 801 797 864 πόλιν
810 798 962 885 ἀπορίας,
981 798 1159 882 γνώσονται

152 905 235 989 πρὸς
259 903 352 982 οἴους
374 902 576 982 ἀντιπάλους
599 905 713 983 αὐτοῖς
735 907 827 970 ἔσται
851 905 869 971 ὁ
890 904 995 990 ἀγών,
1018 902 1076 970 καί
1093 909 1159 969 πολ-

118 1012 212 1088 3λδις
243 1008 299 1075 καὶ
331 1013 474 1096 χαλεπὰς
506 1011 641 1088 ἀπειλὰς
672 1012 999 1097 ἐπανατειναμένων·
1047 1011 1084 1077 οί
1109 1008 1192 1095 μὲνΙΙί

152 1113 307 1200 πρέσβεις
335 1113 435 1184 οὐδέν
463 1121 511 1183 ἔτι
538 1120 622 1204 πρὸς
646 1127 750 1184 ταῦτα
773 1118 985 1196 ἀντειπόντες
1008 1117 1158 1202 ἀπηλλίτ-

152 1245 250 1288 τουτο
281 1221 338 1289 καί
368 1225 410 1289 τὰ
440 1226 531 1311 παρὰ
561 1235 630 1290 των
662 1225 858 1292 ἀποστατῶν
888 1235 958 1304 τοῖς
985 1226 1158 1310 πατρικίοις

117 1328 341 1415 ιοέδήλωσαυ,
369 1331 390 1414 ἡ
419 1329 457 1397 δὲ
478 1335 589 1415 πόλις,
617 1331 731 1416 ἐπειδὴ
755 1334 813 1410 τὰς
835 1333 1028 1417 ἀποκρίσεις
1051 1331 1158 1406 ταύτας

153 1438 286 1520 ἔλαβεν,
316 1436 353 1502 έν
380 1447 538 1523 ταραχαῖς
559 1437 615 1504 καὶ
638 1440 770 1524 δείμασι
793 1443 905 1527 πολλῷ
929 1436 1158 1524 χαλεπωτέροις

152 1541 172 1626 ἢ
196 1545 347 1627 πρόσθεν
375 1542 523 1628 ἐγένετο,
550 1543 606 1611 καὶ
634 1546 710 1611 οὔτε
737 1546 758 1631 ἡ
786 1546 893 1630 βουλὴ
921 1548 1031 1632 πόρον
1060 1543 1157 1630 εὑρεῖν

153 1649 206 1713 οία
234 1673 269 1715 τε
296 1644 339 1733 ἣν
363 1645 433 1716 οὔτ’
455 1650 636 1736 ἀναβολάς,
667 1653 868 1738 δυσφημιῶν
892 1648 929 1717 δέ
951 1649 1007 1717 καὶ
1031 1673 1156 1735 κατηγο
1191 1697 1192 1700 ¹

153 1765 251 1840 ριῶυ,
275 1755 314 1833 ἃς
337 1757 372 1823 ολ
391 1761 629 1843 προεστηκότες
652 1759 754 1843 αὐτῆς
776 1758 953 1824 ἐποιοῦντο
976 1755 1050 1823 κατ’
1072 1757 1155 1841 ἀλλη-

116 1865 238 1945 ιτλων,
265 1860 319 1927 ἐπὶ
341 1865 466 1942 πολλὰς
488 1863 658 1930 ἀκούουσα
680 1865 805 1951 ἡμέρας
828 1859 1004 1930 διελύετο·
1032 1865 1107 1930 οὔτε
1125 1864 1155 1928 τὸ

152 1969 333 2053 δημοτικὸν
365 1975 511 2056 πλῆθος,
543 1972 624 2038 ὅσον
657 1973 706 2038 ἔτι
737 1969 922 2059 παρέμενεν
954 1971 1074 2059 εὐνοίᾳ
1100 1979 1155 2036 τῶν

150 2078 333 2161 πατρικίων
351 2075 372 2161 ἢ
390 2081 489 2166 πόθφ
508 2087 566 2163 τῆς
583 2079 743 2164 πατρίδος
761 2076 1029 2163 ἠναγκασμένον,
1050 2079 1154 2163 ὅμοιον
1190 2127 1191 2136 ,

150 2177 203 2266 ἦν,
223 2182 306 2248 ἀλλὰ
324 2181 378 2249 καὶ
397 2186 519 2251 τούτου
538 2195 692 2271 φανερῶς
710 2209 745 2250 τε
763 2184 819 2251 καὶ
838 2187 951 2272 κρύφα
965 2187 1056 2250 πολὺ
1069 2182 1154 2268 μέρος

150 2286 290 2375 διέρρει,
314 2288 452 2374 βέβαιον
476 2288 509 2356 δ’
533 2289 634 2357 οὐδὲν
656 2301 725 2357 τῶν
747 2288 1039 2376 καταλειπομένων
1061 2289 1154 2356 ἐδόκει

113 2389 243 2461 τοείναι.
286 2397 415 2463 τούτων
438 2393 475 2462 δὲ
496 2397 689 2483 γευομένων
713 2394 830 2484 οἱμὲν
852 2398 986 2464 ὕπατοι·
1023 2395 1081 2462 καὶ
1102 2397 1153 2479 γὰρ

148 2496 191 2584 ἦν
214 2504 340 2588 βραχὺς
363 2503 382 2569 δ
404 2507 599 2589 λειπόμενος
622 2503 735 2582 αὐτοῖς
758 2507 806 2570 έτι
829 2513 886 2588 τῆς
908 2503 1012 2589 ἀρχῆς
1031 2506 1152 2590 χρόνος·
1189 2557 1190 2562 ,

148 2607 275 2695 ἡμέραν
297 2612 440 2695 ἔστησαν
462 2610 693 2697 ἀρχαιρεσιῶν.
1103 2589 1111 2604 ’

215 2714 446 2782 XXXXVIIII.
471 2712 506 2782 Ὁ
529 2714 567 2782 δὲ
590 2719 705 2802 δῆμος,
729 2716 842 2801 ἐπειδὴ
866 2725 977 2802 παρῆν
995 2717 1014 2783 ὁ
1033 2719 1150 2802 χρόνος,

148 2821 185 2887 έν
217 2812 243 2910 ᾧ
277 2824 335 2900 τὰς
362 2823 464 2910 ἀρχὰς
491 2824 671 2911 ἐπικυροῦν
699 2825 768 2890 ἔδει
796 2827 1025 2901 συνελθόντας
1052 2825 1099 2902 είς
1121 2823 1150 2886 τὸ

111 2929 284 3012 ιτπεδίου,
300 2928 441 3008 οὐδενὸς
463 2930 540 2996 οὔτε
563 2934 733 3015 μετιόντος
755 2932 817 3015 τὴν
840 2931 1001 2996 ὑπατείαν
1020 2931 1094 2996 οὔτε
1111 2930 1150 2993 δι

149 3033 295 3120 δομένηυ
314 3034 542 3121 ὑπομένοντος
559 3040 686 3120 λαβεῖν,
705 3036 805 3115 αὐτὸς
823 3037 1062 3103 ἀποδείκνυσιν
1080 3033 1182 3101 ὑπαί-115

219 3189 445 3262 Ιέλευσομέυοις
468 3193 493 3245 Α
535 3189 757 3262 έλευσόμενοιΒ
795 3189 995 3263 ἐλευσομένους
1017 3191 1149 3260 Kiessling

148 3260 182 3314 cf.
201 3261 346 3316 Meutzner
367 3281 395 3332 p.
411 3267 462 3317 265
482 3279 539 3332 τρε.
626 3263 690 3318 2οἳ
708 3263 783 3319 οὑΟ
820 3263 848 3319 εί
865 3265 898 3319 οὑ
917 3265 1021 3320 Reiske
1057 3261 1085 3318 οἳ
1102 3263 1146 3315 del.

147 3328 291 3399 Kiessling
346 3333 498 3396 ῖόιπειλάς
516 3349 570 3388 om.
590 3334 637 3388 Ba
692 3342 724 3389 11
743 3339 856 3398 πολλοῖς
874 3336 1068 3406 χαλεπώτερον
1081 3331 1148 3387 ABb

147 3400 271 3475 πολλόίλλί
288 3419 312 3468 χ.
331 3400 377 3454 Ba
412 3406 502 3476 πολλῷ
522 3404 723 3475 χαλεπωτέροις
740 3406 843 3462 Reiske
917 3413 951 3462 15
973 3406 1114 3462 ἀκούσασα
1130 3419 1148 3456 τ.

148 3463 251 3518 ΙῖειεΙτε
323 3476 358 3524 24
377 3473 560 3537 συνελθόντες
577 3475 631 3529 ΑΒ
