2394 3912
579 235 740 287 -ς..

116 397 284 480 3ετηρίας
311 394 621 480 ἐπιμελησομένους.
668 398 827 479 λαβόντες
855 391 892 458 δέ
919 391 975 458 καὶ
1002 403 1100 459 τοῦτο
1126 397 1154 458 τὸ

151 501 353 586 συγχώρημα
380 503 469 586 παρά
497 509 556 585 τῆς
580 504 704 586 βουλῆς
727 501 1009 567 ἀποδεικνύουσιν
1033 501 1156 584 ἀνδρας,

151 606 211 683 οὑς
232 605 398 693 ὑπηρέτας
419 619 487 674 τῶν
511 609 692 694 δημάρχων
714 605 770 673 καὶ
793 607 1023 693 συνάρχοντας
1045 609 1100 672 καὶ
1117 609 1157 671 δι

150 714 272 789 καστδς
290 713 443 780 ἐκάλουν.
474 723 540 780 νῦν
558 712 673 799 μέντοι
690 715 775 778 κατὰ
791 714 854 796 τὴν
868 713 1050 798 ἐπιχώριον
1067 718 1156 797 γλῶτ-

124 836 212 884 εταν
235 816 294 903 ἀφ’
317 817 391 897 ἐνὸς
415 815 463 886 ὧν
485 821 689 905 πράττουσιν
712 823 821 906 ἔργων
845 820 945 905 ίερῶν
967 821 1083 885 τόπων
1102 819 1157 884 ἐπι-

151 924 287 1010 μεληταὶ
300 931 481 991 καλοῦνται
494 923 551 991 καί
561 927 620 1010 τὴν
631 925 786 1004 ἐξουσίαν
794 922 957 1010 <οὐκέθ’>
966 926 1157 1011 ὑπηρετικὴν

150 1030 273 1117 ἑτέρων
296 1035 447 1117 ἔχουσιν,
470 1031 515 1108 ὡς
538 1033 718 1116 πρότερον,
746 1029 976 1117 ἐπιτέτραπται
1001 1029 1034 1096 δ’
1056 1031 1195 1108 αὐτοῑςθ

150 1139 257 1203 πολλὰ
284 1135 339 1203 καὶ
367 1139 508 1222 μεγάλα,
536 1135 592 1202 καὶ
623 1138 744 1223 σχεδὸν
772 1137 903 1203 ἐοίκασί
927 1159 999 1215 πως
1026 1139 1108 1204 κατά
1126 1140 1158 1202 τὰ

150 1248 286 1309 πλεῖστα
307 1255 378 1322 τοῖς
399 1241 478 1329 παρ’
497 1242 657 1327 Ἕλλησιν
681 1243 912 1329 ἀγορανόμοις.

113 1366 138 1407 10
219 1349 395 1415 LXXXXI.
424 1343 513 1416 Ἐπεὶ
541 1346 579 1414 δέ
606 1347 745 1434 κατέστη
770 1352 811 1415 τά
833 1351 1011 1436 πράγματα
1033 1350 1089 1416 καὶ
1110 1352 1158 1415 τὸν

151 1453 209 1521 ἀπ’
236 1456 338 1541 ἀρχῆς
364 1459 492 1541 κόσμον
520 1455 695 1541 ἐκομίσατο
723 1456 743 1540 η
771 1458 883 1540 πόλις,
918 1455 973 1522 ἐπὶ
1001 1460 1083 1532 τούς
1109 1456 1158 1536 ἐξω

150 1566 330 1647 πολεμίους
353 1563 418 1628 ὑπὸ
441 1573 508 1627 τῶν
526 1563 703 1647 ἡγεμόνων
722 1564 860 1648 στρατιὰ
878 1561 1073 1646 κατελέγετο
1092 1569 1159 1627 πολ-

151 1670 213 1753 λὴν
238 1665 512 1752 εἰσενεγκαμένου
534 1671 731 1752 προθυμίαν
752 1677 814 1732 τοῦ
834 1670 943 1752 δήμου
961 1665 1019 1732 καὶ
1040 1663 1087 1732 δι’
1103 1669 1158 1734 ὀλί-

149 1797 213 1856 γου
245 1777 370 1858 χρόνον
401 1773 509 1839 πάντα
540 1775 581 1838 τά
613 1775 660 1850 είς
688 1774 790 1858 <τὸν>
819 1777 967 1858 πόλεμον
999 1773 1158 1858 ἐπιτήδεα

111 1896 137 1938 ιι
151 1879 291 1962 εὐτρεπῆ
309 1883 519 1963 ποιησαντος.
552 1890 620 1944 τῶν
640 1877 671 1944 δ’
688 1879 825 1944 ὑπάτων
842 1873 1158 1965 διακληρωσαμένων

149 1984 225 2070 περὶ
247 1995 305 2069 της
327 1985 487 2066 ἐξουσίας,
512 1987 559 2062 ὡς
579 1988 671 2051 ἐστιν
689 1985 804 2063 αὐτοῖς
823 1989 913 2069 ἐθος,
937 1989 1091 2070 Σπόριος
1108 1983 1158 2070 μέν

149 2093 308 2175 Κάσσιος,
332 2092 369 2170 ὃς
388 2097 482 2176 έλαχε
501 2081 650 2176 τὴντῶν
668 2093 751 2157 κατὰ
768 2093 830 2176 τὴν
849 2095 948 2157 πόλιν
967 2092 1157 2177 ἐπιμέλειαν,

148 2197 303 2283 ὑπέμεινε
327 2198 426 2283 μέρος
445 2207 504 2282 τῆς
522 2197 773 2282 κατειλεγμένης
791 2199 965 2283 δυνάμεως
983 2202 1022 2266 τὸ
1043 2199 1157 2284 ἀρκοῦν

149 2306 276 2390 λαβών·
318 2308 517 2388 Πόστουμος
554 2301 591 2369 δέ
622 2307 786 2389 Κομίνιος
821 2304 915 2389 ἐξῆγε
949 2306 1013 2389 τὴν
1047 2305 1156 2388 λοιπὴν

36 2482 39 2490 ,ρ
108 2429 135 2469 2⁰
149 2413 306 2496 στρατιάν
325 2407 493 2495 Ῥωμαίων
521 2408 549 2474 τ’
577 2410 687 2475 αὐτῶν
716 2410 895 2496 ἀξιόχρεων
923 2413 1017 2496 άγων
1046 2424 1157 2497 μοῖραν

38 2511 53 2544 ‘²
113 2515 205 2584 2καὶ
232 2520 390 2582 Λατίνων
421 2540 452 2580 τι
485 2518 693 2601 συμμαχικὸν
723 2517 784 2583 οὐκ
812 2518 936 2602 ὀλίγον.
981 2523 1101 2604 κρίνας
1125 2515 1190 2582 δέθό

150 2624 377 2700 Οὐολούσκοις
405 2623 583 2708 ἐπιχειρεῖν
610 2624 755 2709 πρώτοις
778 2627 877 2690 πόλιν
900 2625 1013 2689 αὐτῶν
1034 2626 1156 2708 Λογγό-

149 2735 212 2795 λαν
231 2729 264 2809 ἐξ
283 2729 411 2814 ἐφόδου
429 2730 725 2820 καταλαμβάνεται,
749 2730 999 2815 ἐπιβαλομένων
1018 2728 1082 2816 μὲν
1098 2741 1156 2794 τῶν

149 2837 186 2902 ἐν
209 2836 292 2920 αὐτη
316 2839 571 2920 μεταποιεῖσθαί
590 2859 683 2913 τινος
701 2837 818 2922 ἀρετῆς
836 2841 894 2908 καί
909 2861 986 2902 τινα
1006 2838 1155 2923 στρατιάν

109 2959 135 3000 2⁶
149 2943 334 3028 ὑπαίθριον
361 2942 642 3025 ἀποστειλάντων,
670 2934 691 3028 ᾗ
719 2946 798 3020 τούς
822 2943 976 3020 ἐπιόντας
999 2943 1154 3030 ἀνείρξειν

218 3140 236 3186 4
254 3134 458 3204 κατεπιηόριον
476 3133 522 3187 Ba
558 3132 622 3188 κατ’
640 3131 789 3205 ἐπιχώριον
807 3133 854 3189 Bb
911 3144 927 3192 6
946 3134 1047 3191 οὐκέθ’
1066 3134 1152 3190 om.0

148 3203 212 3256 add.
233 3201 413 3258 casaubonus
496 3211 529 3258 13
549 3207 774 3276 προθυμίανΒ
858 3214 890 3260 14
908 3207 958 3262 τὸν
982 3207 1047 3262 add.
1067 3207 1152 3276 Kiess7

146 3272 209 3340 ling
299 3281 331 3328 17
351 3273 393 3344 ὃς]
413 3274 489 3337 ὡςΒ
511 3282 514 3341 Ι
535 3284 591 3330 τῶν
615 3277 688 3331 κατὰ
709 3277 761 3346 τὴν
784 3276 867 3333 πόλιν
886 3278 982 3333 om.B
1022 3286 1079 3332 τῶν
1097 3277 1151 3344 AO)

149 3347 182 3393 18
202 3340 355 3410 ἐπεμψεθ
396 3344 528 3412 ὑπέμεινε
555 3345 658 3400 Reiske
751 3356 783 3402 19
806 3349 975 3419 ποστούμιος
997 3349 1073 3402 ABb
1109 3345 1153 3400 πό

149 3427 264 3478 στομρς
282 3412 328 3465 Ba
399 3421 433 3468 23
452 3411 719 3486 ἐπιβαλλομένωνΒ
779 3426 813 3474 24
832 3423 898 3489 post
916 3440 981 3475 τινα
998 3420 1029 3473 in
1045 3420 1070 3472 B
1090 3423 1151 3472 5-6

148 3477 204 3530 litt.
223 3479 253 3531 in
270 3497 323 3534 τιιε,
397 3491 430 3538 25
449 3485 594 3554 άπείρξειν
614 3504 636 3542 ο.
656 3487 794 3544 Βθολιολει·
