2384 3902
140 167 205 232 258
564 173 727 222 -Ε-

135 329 354 415 τούλάχιστον
387 328 575 396 συνέστειλε
606 327 663 396 καὶ
690 333 803 408 πόλεις
830 331 909 406 ὅλας
937 328 1075 417 ἐξῴκισε
1103 329 1151 395 καὶ

135 437 304 519 βασιλείας
330 437 389 514 τός
416 433 477 521 μὲν
500 436 628 520 άνείλε,
658 438 717 514 τάς
740 431 771 501 δ’
793 436 893 514 αὐτὸς
915 436 1079 520 ἀπέδειξε,
1103 435 1150 502 καὶ

136 541 220 606 άλλα
242 543 349 608 πολλὰ
371 541 428 608 καὶ
451 542 585 626 αὐθάδη
611 542 819 629 διεπράξατο,
842 541 920 629 περὶ
938 537 986 608 ὧν
1004 545 1095 608 πολὺ
1114 543 1148 608 άν

136 649 237 732 ἔργον
256 653 306 732 είη
326 646 448 732 λέγειν·
474 652 612 727 πολίτας
629 672 665 714 τε
684 647 785 736 χωρὶς
803 659 871 714 τῶν
890 648 926 714 έν
944 659 1017 726 ταῖς
1034 649 1148 734 μάχαις

112 753 353 838 εάπολομένων
380 757 460 832 τοὺς
483 757 696 840 παραδόντας
719 755 808 844 αὐτῷ
834 765 921 840 σφᾶς
945 755 1071 832 αὐτοὺς
1094 755 1146 820 οὐκ

134 859 290 937 ἐλάττους
325 864 608 947 τετρακισμυρίων
646 860 853 944 ἀπέκτεινεν,
890 855 940 926 ὧν
971 883 1068 937 τινας
1099 859 1144 926 καλ

99 964 294 1048 6βασάνοις
319 977 452 1052 πρῶτον
475 967 695 1052 αἰκισάμενος.
737 969 769 1034 εί
790 966 852 1052 μὲν
875 961 939 1032 οὖν
962 966 1184 1050 άναγκαίωςιοα

133 1070 153 1154 ἢ
178 1074 416 1158 συμφερόντως
438 1081 483 1160 τῷ
506 1080 608 1161 κοινῷ
632 1072 740 1138 πάντα
758 1069 851 1138 ταῦτ’
874 1072 1025 1157 ἔπραξεν,
1052 1073 1141 1158 οὐχό

132 1177 250 1263 παρὼν
272 1179 387 1263 καιρὸς
409 1177 581 1257 ἐξετάζειν·
614 1177 665 1243 ὅτι
685 1175 722 1243 δὲ
741 1179 797 1244 διδι
815 1173 906 1244 ταῦτ’
929 1177 1076 1263 ἐμισήθη
1096 1176 1142 1242 καὶ

97 1284 248 1352 ιοδεινὸν
280 1281 388 1368 ἐφάνη
417 1285 455 1350 τὸ
484 1294 545 1351 τοῦ
576 1285 770 1370 δικτάτορος
802 1287 923 1369 ὄνομα,
960 1286 1063 1351 τοῦτό
1093 1307 1141 1367 μοι

131 1389 309 1475 προύκειτο
338 1388 507 1468 ἐπιδείξαι.
553 1389 681 1475 πέφυκε
709 1387 741 1456 δ’
769 1391 810 1456 ού
837 1401 909 1468 ταῖς
937 1392 1140 1464 δυναστείαις

133 1504 231 1562 τοῦτο
261 1498 394 1580 μόναις,
425 1495 508 1562 ἀλλὰ
534 1495 588 1561 καί
618 1507 688 1574 τοῖς
718 1498 832 1574 ἄλλοις
859 1498 1059 1581 συμβαίνειν
1080 1506 1139 1570 τοῖς

132 1603 367 1686 περιμαχήτοις
389 1600 444 1668 καὶ
467 1602 733 1687 θαυμαζομένοις
757 1603 823 1668 ὑπὸ
846 1611 907 1669 τοῦ
930 1611 1049 1668 κοινοῦ
1070 1605 1138 1685 βίον

131 1707 309 1791 πράγμασι.
354 1710 437 1774 καλά
464 1706 525 1793 μὲν
552 1710 617 1795 γάρ
645 1710 775 1775 ἅπαντα
805 1713 959 1795 φαίνεται
987 1706 1043 1774 καὶ
1065 1721 1138 1791 συμ

98 1838 125 1880 τε
135 1810 281 1896 φέροντα
299 1824 369 1890 τοις
387 1813 580 1899 χρωμένοις,
604 1814 686 1880 ὅταν
703 1838 754 1892 τις
772 1816 886 1892 αὐτοῖς
897 1823 1016 1900 χρῆται
1030 1818 1136 1895 καλῶς,

132 1918 251 2002 αἰσχρά
279 1915 316 1983 δὲ
343 1917 398 1984 καὶ
426 1919 622 2006 ἀσύμφορα,
651 1921 732 1986 ὅταν
759 1923 929 2006 πονηροὺς
959 1920 1045 2006 λάβη
1067 1941 1136 2004 προ
1187 1955 1188 1958 ¹

134 2025 261 2101 στάτας.
297 2025 420 2090 τούτου
444 2019 475 2089 δ’
497 2025 518 2110 η
542 2026 644 2110 φύσις
667 2028 755 2092 αίτία
774 2033 963 2113 προσθεῖσα
981 2035 1051 2102 τοῖς
1067 2025 1135 2107 άχιι-
1186 2111 1187 2114 ¹

130 2136 208 2208 θοῑς
226 2131 328 2196 ἅπασι
345 2128 400 2196 καί
418 2131 521 2215 κῆράς
538 2153 631 2210 τινας
649 2133 854 2217 συμφύτους.
890 2125 963 2195 ἀλλ’
983 2127 1065 2216 ὑπὲρ
1083 2127 1133 2213 μὲν
1186 2119 1187 2212 λ

131 2237 259 2303 τούτων
277 2235 388 2322 ἕτερος
407 2235 448 2305 άν
468 2243 518 2321 εἴη
537 2247 607 2313 τοῖς
622 2240 736 2321 λόχοις
749 2238 863 2322 καιρὸς
877 2236 1132 2321 ἐπιτηδειότερος.
1185 2275 1186 2358 χ

96 2370 123 2410 νο
134 2344 183 2424 [οἱ
203 2338 234 2408 δ’
251 2341 288 2408 έν
310 2351 356 2431 τῷ
378 2345 517 2409 κατόπιν
536 2341 677 2430 ἐνιαυτῷ
695 2344 758 2427 την
775 2345 903 2409 ύπατον
922 2342 1029 2428 ἀρχὴν
1042 2363 1131 2426 παρα-

132 2452 290 2532 λαβόντες
317 2443 431 2526 Αὖλος
457 2449 676 2533 Σεμπρώνιος
702 2443 892 2534 Ἀτρατῖνος
923 2446 981 2514 καὶ
1006 2449 1130 2533 Μάρκος
1184 2417 1185 2506 λ

131 2555 322 2639 Μηνύκιος,
354 2553 409 2621 ἐπὶ
440 2561 498 2637 τῆς
529 2549 775 2639 ’ἑβδομηκοστῆς
803 2552 858 2620 καὶ
885 2555 1019 2640 πρώτης
1044 2554 1128 2636 ὀλυμ
1183 2577 1184 2652 χ

130 2662 264 2744 πιάδος,
296 2661 339 2744 ἣν
371 2659 465 2726 ἐνίκα
497 2660 635 2726 στάδιον
670 2661 867 2745 Τισικράτης
898 2659 1127 2745 Κροτωνιάτης,

131 2769 291 2854 άρχοντος
310 2761 494 2851 Ἀθήνησιν
513 2762 716 2853 Ἱππάρχου]

206 2931 218 2978 1
240 2919 354 2996 ἐξῴκισε
373 2923 499 2978 radendo
519 2939 553 2976 ex
572 2917 692 2995 ἐξῴκησε
711 2921 734 2973 Β
789 2921 902 2976 διάκισε
923 2938 946 2978 ο.
967 2920 1053 2976 Cobet
1068 2917 1123 2972 Nov.

130 2997 207 3051 Lech.
226 3013 253 3065 p.
269 3001 321 3050 289
384 3002 410 3076 ⁸'I
430 2995 553 3066 πρῶτον]
573 2991 709 3064 πρότερον
729 3008 751 3045 ο.
770 2977 910 3048 ΒιῑόλιεΙοτ
979 2999 1011 3046 12
1029 2987 1122 3080 μόνφιε]
1180 3009 1181 3092 ρ

129 3065 216 3136 μόνον
240 3083 263 3121 ο.
283 3065 411 3119 ΗετόιΙοιιι
429 3065 546 3119 Hermes
570 3065 595 3117 X
614 3068 666 3118 415
776 3069 881 3118 20-25
900 3061 996 3116 Verba
1015 3059 1072 3116 οίό
1089 3053 1121 3139 ,έν

129 3134 352 3258 ιῖῌὲρχτιχοθίριχιρχχ,
366 3152 438 3203 quae
461 3134 544 3188 initio
567 3132 634 3188 libri
657 3133 730 3186 εοκλί
752 3135 930 3203 repetuntur,
955 3131 1120 3199 Kiesslingms
1179 3145 1180 3150 ¹

1175 3411 1178 3538 l

529 3365 741 3374 ——u---—
