2400 3912
462 201 627 252 -Δ-
991 199 1057 266 135

45 361 118 446 ῆμλν
138 363 324 448 κεκύρωται
346 359 487 427 κατὰτὸ
512 357 605 442 δέον,
630 359 792 426 ἀκούσατε
815 360 871 428 καὶ
893 363 934 428 τά
956 365 1056 430 λοιποὶ

46 468 101 534 ὅσα
126 468 381 553 βεβουλεύμεθα
410 463 486 554 περὶ
508 475 566 550 τῆς
587 469 764 545 πολιτείας.
809 468 889 552 ῆμτν
913 470 1092 536 σκοπου-4

44 572 165 658 μένοις,
192 576 243 652 τίς
271 573 354 660 ἀρχῆ
382 575 558 658 γενήσεται
578 583 647 638 τῶν
669 583 794 640 κοινῶν
817 575 931 661 κυρία,
960 579 1056 660 βασι-

45 682 129 746 λείαν
159 677 222 766 μέν
251 678 363 747 οὐκέτι
388 681 662 763 καταστήσασθαι
690 681 796 765 δοκεῖ,
828 681 991 767 ἄρχοντας
1017 678 1055 747 δέ

45 787 100 851 δύο
130 784 213 852 καθ’
243 786 384 852 ἕκαστον
416 785 572 852 ἐνιαυτὸν
604 785 842 853 ἀποδεικνύναι
874 790 1080 873 βασιλικῆνο

44 891 172 971 ἕξοντας
199 892 371 976 ἐξουσίαν,
399 891 459 970 οὓς
486 891 529 957 ἀν
551 892 645 978 ὑμεῖς
668 893 705 960 ἐν
728 892 952 980 ἀρχαιρεσίαις
975 893 1055 961 ἀπο-

44 999 163 1084 δείξητε
195 1009 312 1084 ψῆφον
344 997 559 1086 ἐπιφέροντες
585 1001 667 1065 κατὰ
695 1001 823 1084 λόχους.
870 1005 899 1066 εί
927 1001 968 1085 δὴ
999 999 1054 1066 καλ

42 1115 137 1173 ταῦτα
165 1105 385 1192 βουλομένοις
408 1103 499 1173 ἐστὶν
522 1106 619 1191 ὑμῖν,
648 1104 877 1190 ἐπιψηφίσατε.
921 1102 1054 1192 Ἐπῆνει

43 1211 91 1278 καὶ
116 1214 243 1297 ταύτην
265 1214 328 1298 τὴν
350 1211 488 1298 γνώμην
511 1212 529 1279 ὁ
554 1213 672 1297 δῆμος,
700 1211 756 1279 καὶ
779 1222 891 1298 ψῆφος
915 1213 1055 1297 οὐδεμία

43 1318 166 1402 ἐγένετο
185 1319 329 1386 ἐναντία.
361 1321 442 1404 μετὰ
460 1326 560 1386 τοῦτο
578 1319 758 1406 παρελθὼν
777 1320 959 1407 ὁΒροῦτος
973 1301 1095 1416 οἰπο150

10 1426 187 1492 κοδείκνυσι
214 1424 436 1510 μεσοβασιλέα
463 1428 523 1491 τὸν
545 1425 828 1510 ἐπιμελησόμενον
850 1436 918 1491 τῶν
941 1425 1055 1512 ἀρχαι-

44 1543 155 1616 ρεσιῶν
183 1533 266 1598 κατὰ
291 1533 372 1610 τοὺς
398 1534 558 1618 πατρίους
579 1534 705 1616 νόμους
727 1534 879 1620 Σπόριον
902 1535 1056 1618 Λουκρη-

43 1659 122 1703 τιον·
144 1637 299 1715 κάκεῖνος
313 1637 482 1715 ἀπολύσας
495 1640 557 1723 τῆν
571 1637 750 1723 ἐκκλησίαν
763 1638 936 1705 ἐκέλευσεν
950 1640 1053 1705 ἀπαν-

43 1768 94 1824 τας
122 1746 217 1828 ῆκειν
249 1747 296 1822 είς
326 1746 365 1810 τὸ
398 1746 530 1828 πεδιόν,
569 1747 655 1810 ἔνθα
688 1746 834 1829 σύνηθες
866 1746 979 1823 αύτοῑς
1011 1742 1032 1830 ῆ

44 1853 308 1940 ἀρχαιρεσιάζειν,
331 1855 468 1937 ἔχοντας
485 1853 526 1917 τά
545 1852 630 1917 ὅπλα
648 1851 686 1917 ἐν
703 1853 803 1937 τάχει.
840 1851 1054 1939 ἀφικομένων
1068 1872 1094 1913 15

45 1956 70 2023 δ’
87 1960 195 2026 αὐτῶν
216 1961 343 2046 ἄνδρας
362 1959 502 2046 αι’ρεῖται
522 1960 584 2024 δύο
604 1961 683 2037 τοὺς
700 1959 886 2043 πράξοντας
905 1961 966 2027 ὅσα
985 1971 1054 2039 τοϊς

43 2069 230 2148 βασιλεῦσιν
257 2065 350 2150 ἐξῆν,
377 2067 530 2153 Βροῦτόν
557 2089 592 2131 τε
619 2062 674 2130 καὶ
697 2069 919 2134 Κολλατῖνον·
956 2065 1053 2134 καὶὸ

44 2173 138 2257 δῆμος
156 2174 364 2258 καλούμενος
381 2173 464 2239 κατὰ
482 2174 602 2256 λόχους
621 2170 808 2258 ἐπεκύρωσε
826 2184 897 2251 τοῖς
911 2171 1054 2258 ἀνδροίσι

43 2279 98 2361 τὴν
119 2259 235 2365 ἀρχήν.
271 2276 389 2345 καὶτὰ
412 2275 473 2363 μέν
495 2279 578 2344 κατὰ
599 2279 698 2344 πόλιν
721 2277 758 2343 ἐν
781 2287 827 2367 τῷ
850 2281 924 2345 τότε
941 2283 1052 2369 χρόνῳ

43 2383 227 2470 πραχθέντα
248 2382 374 2451 τοιαῦτ’
396 2380 448 2469 ῆν.
1066 2407 1092 2446 ιο

102 2491 262 2558 LXXXV.
291 2494 455 2568 Βασιλεὺς
478 2489 515 2557 δὲ
543 2492 727 2576 Ταρκύνιος
750 2493 796 2571 ὡς
817 2493 941 2576 ῆκουσε
963 2495 1053 2580 παρὰ

43 2607 103 2662 τῶν
128 2597 192 2663 ἀπὸ
220 2606 279 2682 τῆς
301 2599 428 2674 πόλεως
452 2594 618 2682 ἀγγέλων,
647 2591 697 2676 οἷς
720 2597 886 2684 ἐξεγένετο
910 2602 1053 2687 πρώτοις

45 2701 114 2790 πρὶν
136 2705 157 2790 ῆ
182 2710 380 2790 κλεισθῆναι
402 2706 460 2782 τὰς
482 2705 589 2783 πύλας
612 2706 804 2791 διαδρᾶναι,
829 2716 971 2773 τοσοῦτο
995 2712 1054 2792 μό-

46 2834 100 2877 νον
121 2813 414 2896 ἀπαγγελλόντων,
438 2811 489 2877 ὅτι
511 2811 638 2897 κατέχει
660 2814 722 2897 τῆν
744 2813 923 2896 ἐκκλησίαν
945 2819 1054 2902 Βροῦ-
1187 2833 1188 2858 ν

47 2939 94 2995 τος
120 2921 328 3005 δημαγωγῶν
354 2915 510 2994 καὶτοὺς
532 2921 666 2996 πολίτας
692 2917 745 2986 ἐπὶ
768 2921 830 3004 τῆν
853 2919 1052 3007 ἐλευθερίαν
1067 2939 1093 2979 2⁵

48 3032 251 3111 παρακαλῶν,
283 3022 399 3090 οὐδενὶ
420 3035 488 3090 τῶν
511 3025 622 3090 ἀλλων
644 3026 776 3112 φράσας
798 3027 951 3112 ῆπείγετο
973 3030 1054 3106 τούς

9 3130 133 3209 341υίούς
166 3132 345 3215 ἀναλαβὼν
374 3129 429 3198 καὶ
455 3142 523 3198 τῶν
550 3130 691 3220 ἑταίρων
718 3137 798 3213 τοὺς
823 3134 1052 3219 πιστοτάτους,

111 3329 127 3376 4
145 3319 238 3380 ἐδόκει
256 3341 279 3380 ο.
299 3323 388 3378 Cobet
407 3324 473 3379 Obs.
491 3343 518 3394 p.
534 3332 567 3380 92
641 3332 657 3380 8
676 3327 742 3396 ύμῖν
762 3321 837 3382 ἐστιν
857 3326 879 3381 0
897 3329 1011 3396 praeter
1029 3329 1052 3383 B

52 3395 78 3444 12
96 3393 234 3466 Σπόριον
252 3395 276 3448 Β
341 3399 373 3450 13
393 3395 527 3458 διαλύσας
546 3396 619 3450 Smit
638 3397 704 3452 Obs.
723 3417 750 3467 p.
768 3404 800 3452 12
857 3404 889 3452 19
909 3398 982 3453 κατὰ
1000 3400 1052 3469 τὴν

50 3461 121 3520 πόλιν
139 3482 161 3521 ο,
179 3466 337 3520 Ambrosch
409 3472 442 3520 20
461 3466 596 3520 ’τοιαῦτα
616 3467 638 3522 Ο
717 3474 751 3522 26
770 3461 931 3542 έτ<αι>ρων
951 3467 973 3521 Β
