2394 3912
468 237 624 289 -ἵ-
988 233 1052 298 3ὀλ

45 396 115 461 όσοι
141 392 171 461 δ’
195 396 256 481 οὐχ
285 397 404 480 λκανῆν
432 403 559 464 οίονται
587 399 649 482 τὴν
677 400 803 464 οἰκείαν
827 397 973 482 δύναμιν
996 405 1054 479 τῆς

44 507 164 579 πόλεως
185 501 242 568 καὶ
264 505 343 588 τῆδε
366 505 507 588 μάλιστα
525 504 716 591 ὀρρωδοῦσι
733 507 793 570 τὸν
811 507 969 590 πόλεμον,
993 527 1054 590 μα-

44 606 192 675 θέτωσαν
220 609 282 694 οὐχ
310 610 432 688 ίκανῶς
459 609 560 695 αὐτῆς
582 609 780 697 ᾐσθημένοι.
827 610 910 696 πρὸς
932 611 994 695 μέν
1015 611 1089 694 μεθ

44 718 117 792 τοὺς
143 715 369 799 ἀφεστηκότας
396 728 464 783 τῶν
492 721 638 784 πολιτῶν
662 716 844 784 ἀντίπαλον
867 728 961 802 χεῖρα
985 717 1054 796 ἐξο-

11 833 112 906 ίόμεν,
134 824 165 887 εί
181 825 389 908 βουλοίμεθα
406 833 473 889 τῶν
491 827 713 910 θεραπόντων
731 823 959 907 ἐπιλεξάμενοι
975 826 1081 902 τοὺς5

45 928 278 1014 ἀκμαιοτάτους
309 929 543 1016 ἐλευθερῶσαι.
589 942 740 1018 κρεῖττον
772 932 836 1016 γάρ
869 930 931 1014 τῆν
963 929 1054 996 ἐλευ-

45 1039 159 1122 θερίαν
176 1038 381 1122 χαρίσασθαι
394 1039 526 1116 τούτοις
539 1037 560 1122 ῆ
575 1039 636 1122 τὴν
649 1038 833 1123 ἡγεμονίαν
847 1035 903 1103 ὑπ’
917 1037 1055 1104 ἐκείνων

45 1142 272 1227 ἀφαιρεθῆναι.
310 1146 423 1228 ἔχουσι
445 1141 482 1211 δὲ
500 1155 568 1210 τῶν
586 1150 774 1229 πολεμικῶν
793 1143 966 1231 ἐμπειρίαν
986 1144 1054 1210 λκα·

45 1251 103 1333 νην
123 1250 281 1327 πολλάκις
302 1250 383 1335 ἡμῖν
405 1254 672 1336 παραγενόμενοι
693 1251 777 1316 κατὰ
797 1250 856 1328 τάς
875 1253 1055 1335 στρατείας.

45 1358 122 1441 πρὸς
152 1354 189 1422 δέ
220 1359 299 1434 τοὺς
331 1356 458 1435 ἔξωθεν
489 1362 669 1442 πολεμίους
701 1358 800 1423 αὐτοί
828 1379 864 1422 τε
893 1335 1096 1448 χωρῶμενῇ,

46 1463 147 1551 ἁπάσῃ
165 1465 341 1550 προθυμίᾳ
359 1461 414 1528 καὶ
432 1466 511 1542 τοὺς
529 1465 671 1542 πελάτας
689 1465 835 1540 ἅπαντας
853 1461 1053 1546 ἐπαγώμεθα

45 1569 96 1636 καὶ
124 1580 184 1638 τοῦ
218 1572 400 1655 δημοτικοῦ
432 1573 469 1637 τὸ
501 1575 628 1656 περιόν.
674 1572 731 1636 ἵνα
762 1567 799 1636 δὲ
825 1572 1005 1656 πρόθυμον
1032 1560 1054 1654 ᾖ

45 1677 122 1763 πρὸς
134 1679 213 1754 τοὺς
226 1675 368 1761 ἀγῶνας,
383 1679 506 1762 άφεσιν
521 1679 610 1766 αὐτῷ
625 1678 840 1764 χαρισώμεθα
855 1687 922 1742 τῶν
936 1686 1054 1762 χρεῶν,

47 1784 87 1867 μῆ
107 1787 233 1869 κοινήν,
257 1783 342 1850 άλλά
363 1782 435 1850 κατ’
457 1787 573 1873 άνδρα.
621 1786 653 1851 εί
672 1785 792 1870 γάρτι
816 1785 871 1850 δεῖ
890 1795 961 1860 τοῖς
982 1806 1053 1848 και-

49 1901 113 1976 ροῖς
135 1891 285 1970 είξαντας
308 1893 492 1977 μετριάσαι,
517 1894 561 1977 μῆ
585 1893 668 1977 πρὸς
690 1893 769 1970 τοὺς
790 1893 971 1975 πολεμίους
988 1900 1056 1955 τῶν
1072 1905 1097 1947 1⁶

48 2003 182 2065 πολιτῶν
209 1993 299 2064 τοῦτ’
322 2001 405 2066 ἔστω
432 2001 470 2065 τὸ
499 1998 650 2086 μέτριον,
678 1999 763 2065 ἀλλὰ
791 1999 875 2085 πρὸς
900 1999 980 2074 τοὺς
1002 1999 1057 2081 φί

50 2108 129 2188 λους,
153 2097 204 2183 οἷς
222 2105 284 2170 οὐκ
303 2105 563 2192 ἀναγκαζόμενοι
581 2108 640 2183 τάς
658 2107 792 2192 χάριτας
811 2105 944 2170 διδόναι
964 2103 1057 2180 δόξο-

50 2233 114 2294 μεν,
135 2212 219 2278 άλλά
241 2216 446 2296 πειθόμενοι.
496 2211 554 2278 ἐὰν
578 2209 615 2279 δὲ
637 2211 693 2278 καί
716 2213 819 2294 άλλης
842 2207 954 2294 ἐπιδέῃ
978 2211 1058 2292 βοη-

50 2320 149 2402 θείας,
178 2319 223 2396 όις
251 2320 373 2404 ταύτης
399 2320 462 2386 οὐκ
487 2320 591 2404 οὔσης
620 2320 750 2406 ἱκανῆς,
777 2318 856 2393 τοός
879 2311 908 2380 τ’
932 2316 1058 2381 ἐκτῶν

51 2428 214 2511 φρουρίων
238 2426 536 2512 μεταπεμπώμεθα,
559 2424 615 2491 καὶ
637 2428 716 2502 τοὺς
739 2411 777 2490 ἐν
791 2430 870 2500 Ιταῖς
892 2421 1057 2498 ἀποικίαις
1071 2439 1098 2478 20

14 2527 266 2618 ιλόάνακαλῶμεν.
311 2541 410 2598 τοῦτο
442 2528 475 2610 δ’,
501 2532 584 2598 ὅσον
612 2530 681 2597 ἐστὶ
708 2537 840 2615 πλῆθος
867 2529 903 2595 ἐκ
925 2538 983 2614 τῆς
1006 2529 1094 2614 ἐρ’-4

52 2655 137 2717 μιστα
154 2637 338 2724 γενομένης
354 2642 517 2724 τιμήσεως
537 2645 659 2725 μαθεῖν
679 2637 799 2725 ῥᾴδιον
813 2635 856 2702 άν
875 2642 935 2720 είη.
968 2651 1058 2723 τρισ-

52 2747 176 2812 καίδεκα
199 2745 359 2830 μυριάδες
382 2744 447 2812 είσὶ
460 2742 631 2830 Ῥωμαίων
654 2755 725 2810 τῶν·
746 2743 782 2809 ἐν
805 2745 870 2829 ῆβη
890 2739 1058 2828 τετιμημέ-

53 2871 127 2935 νων,
159 2849 208 2919 ὧν
243 2852 305 2917 οὐκ
337 2850 378 2917 άν
409 2858 459 2936 είη
493 2851 592 2940 μέρος
621 2851 766 2936 ἕβδομον
794 2851 832 2914 τὸ
861 2851 1058 2934 φυγαδικόν.

54 2955 127 3043 <οὐ>
151 2957 236 3042 λέγω
260 2955 378 3038 δὲ’τάς
397 2961 554 3024 Λατίνων
577 2959 755 3045 τριάκοντα
774 2959 902 3039 πόλεις,
926 2958 964 3019 αθ
978 2955 1059 3039 μετά
1072 2969 1101 3010 2⁵

54 3068 165 3149 πολλῆς
189 3065 287 3151 εὐχῆς
310 3062 451 3145 δέξαιντ’
474 3063 516 3130 άν
540 3067 618 3141 τοὺς
635 3060 719 3148 ὑπὲρ
737 3062 833 3150 ἡμῶν
852 3061 983 3145 ἀγῶνας
1002 3061 1058 3126 διδ

116 3293 296 3368 8άφ<αι>ρε
339 3315 389 3349 ναι
411 3293 459 3347 Bb
553 3290 639 3354 9τδις
662 3291 758 3346 om.B
850 3295 883 3343 22
904 3285 1004 3364 ῥᾴδιον
1028 3282 1060 3341 ἐν

53 3356 115 3429 ά-
134 3364 268 3492 μυριάδες
287 3363 392 3446 είορ-
412 3359 593 3434 τετιμημέναι
617 3380 640 3419 c.
661 3361 749 3417 Cobet
768 3360 880 3442 Obs3p.
902 3365 970 3440 ¹2⁶.
1025 3363 1059 3412 25

54 3433 186 3577 ἰόίθὲζρίῃὲ
213 3437 278 3492 αδδ.
297 3436 415 3504 Renke,
439 3437 524 3506 plura
547 3435 634 3490 verba
656 3436 722 3488 ante
746 3430 816 3503 λέγω
839 3429 1017 3558 ιοθοεοιδιεεο
1037 3445 1065 3483 ο..
