2394 3912
141 207 206 271 368
575 205 736 258 -5-

142 368 326 447 διαλύσεως
359 368 638 455 ἐπρεσβεύσαντο,
672 368 749 434 οὐτε
780 369 838 443 τὰς
872 366 1028 444 αὐθάδεις
1055 368 1141 452 ὑμῶν

141 475 347 562 ἀποκρίσεις,
376 474 415 554 ἃς
443 475 647 559 ἐποιήσασθε
669 476 752 560 πρὸς
775 477 854 552 τοὺς
877 471 1054 559 προτέρους
1073 475 1143 558 πρέ-

143 585 250 666 σβεις,
274 584 358 668 πρὸς
381 581 486 668 ὀργὴν
510 581 680 680 ἐδέξαντο,
704 577 777 647 ἀλλ’
798 579 982 664 ὑπέμειναν
1002 581 1089 664 ὐμῶν
1108 583 1143 648 τὸ

143 690 291 775 σοβαρὸν
312 698 412 755 τοῦτο
430 687 486 754 καὶ
504 689 721 774 μειρακιῶδες
738 697 796 773 τῆς
814 687 999 764 αὐθαδείας
1017 689 1145 773 [βάρος],

117 797 255 882 ιῶσπερ
275 794 317 862 δν
335 797 467 862 παίδων
485 794 646 881 ἀφρόνων
665 793 802 880 χρηστοί
818 793 969 880 πατέρες·
991 791 1046 860 καὶ
1057 793 1162 869 πάλιν,

145 900 260 988 ἑτέραν
282 903 462 988 πρεσβείαν
485 900 700 967 ἀποστέλλειν
724 900 831 989 ᾤοντο
855 903 929 966 δεῖν
951 897 1007 966 καὶ
1024 910 1087 965 τῶν
1103 902 1146 964 δι-

143 1011 249 1074 καίων
271 1019 475 1092 μειουεκτελν
492 1006 548 1074 καὶ
566 1009 674 1074 πάντα
694 1007 885 1093 ὑπομένειν,
910 1002 936 1072 ὦ
954 1013 1093 1090 πολῖται,
1111 1009 1147 1070 τὰ

108 1112 267 1200 4μέτρια.
313 1111 367 1180 ἐπὶ
394 1116 436 1199 δη
460 1115 622 1197 τοσαύτης
645 1117 822 1198 βεβηκότες
844 1115 997 1200 εὐτυχίας
1021 1115 1063 1198 μη
1084 1113 1148 1198 μέλ·

143 1226 215 1286 λετε
239 1220 359 1306 λέγειν,
385 1217 411 1286 ὦ
431 1223 582 1306 δημόται,
605 1223 709 1286 τίνων
727 1223 859 1306 χρήζετε
877 1218 955 1304 μηδ’
979 1217 1149 1305 ἐντρυφᾶτε

109 1326 234 1411 ιοὴμῖν,
256 1329 521 1412 καταλυσάμενοι
540 1325 578 1392 δέ
595 1329 658 1411 την
677 1328 794 1392 στάσιν
812 1328 907 1391 άπιτε
925 1330 1096 1411 χαίροντες
1111 1328 1150 1402 είς

143 1434 205 1517 την
224 1433 426 1520 γειναμένην
444 1457 479 1500 τε
497 1432 552 1499 καὶ
570 1433 791 1520 θρεψαμένην
809 1432 896 1518 ὑμᾶς
913 1435 1025 1516 πόλιν,
1048 1424 1068 1518 ἦ
1085 1456 1150 1515 τρο-

145 1541 223 1623 φεῐά
245 1564 281 1606 τε
303 1539 358 1606 καὶ
381 1541 516 1626 χάριτας
534 1539 576 1605 οὐ
594 1541 738 1625 χρηστὰς
756 1538 942 1622 ἀπεδίδοτε,
965 1543 1151 1605 καταλιπόν-

143 1669 196 1724 τες
224 1647 330 1732 αὐτην
356 1649 395 1712 τὸ
422 1655 508 1730 γοῦν
535 1644 589 1731 ἐφ’
611 1647 693 1731 ὑμῖν
721 1640 808 1711 εἶναι
836 1649 962 1732 ἔρημον
984 1643 1040 1710 καὶ
1062 1648 1188 1730 μηλύιν

145 1755 254 1835 βοτου.
300 1756 332 1819 εί
363 1751 400 1819 δὲ
431 1756 593 1839 παρήσετε
620 1755 681 1818 τὸν
708 1754 827 1839 καιρὸν
853 1760 992 1837 τοῦτον,
1025 1751 1152 1830 εὔξεσθε

109 1880 134 1920 ιι
145 1859 302 1936 πολλάκις
325 1861 445 1945 ὅμοιον
468 1859 579 1945 εὑρεῖν
602 1857 727 1946 ἕτερον.
975 1869 976 1872 ’

210 1964 342 2034 LXXIJ.
374 1966 601 2051 Παυσαμένου
624 1962 662 2032 δέ
686 1975 746 2031 τοῦ
771 1966 960 2049 Οὐαλερίου
982 1967 1153 2051 παρελθὼν

145 2071 163 2137 ὁ
186 2075 360 2150 Σικίννιος
383 2072 501 2151 οὐκέξ
526 2071 600 2150 ἑνὸς
624 2075 688 2157 ἔφη
713 2074 786 2138 δεῖν
807 2075 912 2155 λόγον
930 2065 970 2137 τδ
989 2071 1153 2156 συμφέρον

145 2177 304 2258 ἐξετάζειν
322 2183 401 2258 τούς
419 2175 458 2245 εὖ
474 2178 753 2263 βουλευομένους,
774 2174 846 2245 ἀλλ’
863 2179 1091 2244 ὑποτάθεσθαι
1104 2179 1153 2242 τὸν

145 2284 299 2352 ἐναντίου
322 2288 436 2364 αὐτοῖς
458 2289 571 2369 λόγον,
595 2287 704 2363 άλλως
726 2309 761 2351 τε
784 2284 840 2352 καὶ
862 2283 938 2371 περὶ
956 2287 1154 2369 τηλικούτων

109 2393 347 2477 εοπραγμάτωυ
376 2400 596 2468 σκοποῦντας·
636 2390 731 2475 ἠξίου
758 2414 794 2456 τε
820 2389 931 2475 λέγειν
954 2393 1037 2477 πρὸς
1060 2401 1155 2458 ταῦτα

144 2500 223 2573 τούς
246 2497 476 2582 βουλομένους
498 2499 631 2564 άπασαυ
655 2497 739 2562 αίδῶ
761 2495 817 2562 καὶ
840 2497 1016 2581 εὐλάβειαν
1039 2499 1155 2564 ἀποθε-

144 2600 279 2686 μένους·
319 2604 360 2669 οὐ
388 2605 453 2689 γδρ
483 2601 670 2686 ἐπιτρέπειν
699 2604 741 2667 τά
766 2603 942 2687 πράγματα
969 2607 1093 2688 σφίσιν
1119 2606 1156 2679 είς

144 2711 202 2785 τάς
219 2711 374 2786 τοιαύτας
393 2710 538 2793 ἀνάγκας
556 2707 883 2794 κατακεκλεισμένοις
897 2705 968 2776 οὐτ’
986 2713 1080 2799 ὐκνῳ
1094 2705 1153 2777 οὐτ’

110 2817 130 2880 2
146 2817 287 2902 αίσχύνη
307 2822 417 2883 είκειν.
451 2825 575 2900 σιωπῆς
595 2813 632 2881 δέ
651 2813 832 2901 γενομένης
851 2816 964 2900 ἐπειδὴ
982 2818 1108 2896 πάντες
1121 2820 1157 2893 είς

107 2943 134 2985 τι
145 2922 309 3005 ἀλλήλους
331 2921 518 3007 ἀπέβλεπον
538 2922 767 3007 ἐπιζητοῦντες
784 2925 843 2988 τδυ
861 2920 946 3010 ὑπὲρ
964 2932 1026 2988 τοῦ
1046 2933 1156 2991 κοινοῦ

217 3122 231 3168 1
252 3115 407 3170 διαλύσεων
422 3131 444 3170 ο,
459 3114 604 3184 Kiessling
660 3121 677 3168 4
697 3117 932 3186 μειρακειῶδεςΒ
949 3119 953 3186 Ι
970 3115 1060 3187 βάρος
1073 3118 1157 3173 Κίεεε·

145 3184 234 3252 lingio
254 3186 368 3239 auctore
388 3185 491 3239 seclusi
562 3181 661 3242 θέκελ
680 3186 727 3240 Ba
764 3181 810 3240 ἐπί
828 3186 904 3242 ABb
965 3193 999 3242 12
1018 3208 1051 3243 τε
1071 3189 1157 3244 om.B

148 3260 179 3306 13
199 3254 230 3308 τδ
249 3263 318 3322 γοῦν
337 3251 385 3324 ἐφ’
402 3257 469 3325 ὑμῖν
488 3253 592 3326 ἔρημον
612 3254 688 3312 εἶναι
708 3255 730 3311 O
750 3273 848 3312 vocem
867 3255 971 3329 ἔρημον
986 3259 1157 3329 transposuit

146 3322 235 3376 Cobet
254 3323 319 3379 Obs.
337 3343 365 3392 p.
382 3331 432 3380 128
496 3333 528 3381 18
548 3327 789 3398 βουλευσομένους
806 3345 830 3384 ο.
849 3329 997 3400 Kiessling
1052 3339 1088 3386 22
1109 3329 1159 3388 ἐτι-

146 3389 241 3521 ma
259 3393 282 3514 g
302 3411 370 3448 corr.
391 3394 512 3464 Sylburg
585 3405 618 3452 2³
640 3398 919 3470 κατακεκλεισμένοις
937 3402 963 3454 A
1001 3408 1159 3459 κατακεκλι-
