2400 3912
136 177 200 241 140
563 178 726 228 -Ε-

134 340 235 425 ίερῶν
266 338 472 423 καλούμενος
504 337 669 421 βασιλεύς.
708 334 766 402 καὶ
796 337 994 402 καθίσταται
1023 341 1142 418 πρῶτος

136 446 237 531 ίερῶν
269 446 425 528 βασιλεὺς
452 443 587 521 Μάνιος
611 447 778 530 Παπίριος
811 441 846 508 ἐκ
875 451 942 506 τῶν
968 443 1141 524 πατρικίων

134 551 219 637 ἀνὴρ
241 551 381 636 ἡσυχίας
402 554 510 635 φίλος.

200 659 241 723 ΙΙ.
266 655 322 734 Ὡς
345 653 383 722 δὲ
404 660 648 741 κατεστήσαντο
671 664 785 740 ταῦτα,
810 657 991 737 δείσαντες,
1015 653 1061 730 ὡς
1078 650 1173 736 ἐμοῖσιν

112 765 236 848 εδοκεῖ,
260 766 304 849 μὴ
329 765 411 845 δόξα
432 774 503 841 τοῖς
521 769 657 842 πολλοῖς
674 763 849 848 ἐγγένηται
867 759 942 847 περὶ
960 769 1018 844 τῆς
1036 767 1142 842 καινῆς

133 874 301 948 πολιτείας
328 872 390 936 οὐκ
417 869 561 956 ἀληθής,
593 872 643 936 ὅτι
667 872 730 937 δύο
754 874 902 954 βασιλεῖς
923 869 1036 953 κύριοι
1057 869 1141 949 γεγό-

133 994 211 1041 νασι
233 985 293 1061 τῆς
314 980 442 1054 πόλεως
464 972 543 1043 ἀνθ’
561 976 636 1054 ἑνὸς
656 975 814 1063 ἑκατέρου
832 987 900 1041 τῶν
918 975 1055 1040 ὑπάτων
1071 975 1142 1047 τοὺς

135 1083 264 1147 δώδεκα
296 1082 442 1161 πελέκεις
474 1087 623 1169 ἔχοντος,
661 1085 772 1168 ὥσπερ
804 1078 896 1168 εἶχον
929 1083 965 1147 οί
994 1084 1141 1164 βασιλεῖς,

134 1190 269 1274 ἔκριναν
297 1193 336 1256 τό
366 1213 401 1255 τε
435 1188 509 1267 δέος
539 1187 727 1273 ἀφελέσθαι
753 1200 821 1254 τῶν
847 1194 994 1253 πολιτῶν
1016 1184 1141 1277 καὶτῆς

98 1317 124 1358 10
134 1293 285 1373 ἐξουσίας
317 1307 455 1380 μειῶσαι
487 1298 548 1362 τὸν
577 1299 731 1381 φθόνον,
762 1305 824 1361 τοῦ
852 1292 913 1380 μὲν
942 1293 1055 1380 ἑτέρου
1082 1302 1141 1357 τῶν

133 1401 270 1468 ὑπάτων
297 1406 376 1480 τοὺς
399 1403 528 1468 δώδεκα
551 1401 790 1482 κατατάξαντες
812 1406 1036 1489 προηγεῖσθαι
1056 1397 1141 1464 πελί-

132 1532 211 1591 κεις,
234 1518 296 1575 τοῦ
319 1509 348 1575 δ’
373 1508 488 1595 ἑτέρου
512 1510 641 1575 δώδεκα
665 1509 829 1596 ὑπηρέτας
850 1509 999 1596 ῥάβδους
1016 1509 1141 1592 ἔχοντας

133 1617 255 1698 μόνον,
284 1615 329 1692 ὡς
352 1615 392 1681 δέ
411 1639 500 1692 τινες
523 1617 709 1703 ίστοροῦσι,
733 1613 788 1680 καὶ
811 1616 972 1700 κορύνας,
995 1617 1141 1698 γίνεσθαι

134 1717 172 1784 δὲ
203 1731 271 1785 τῶν
301 1721 465 1788 πελέκεων
492 1723 554 1806 τὴν
581 1723 775 1809 παράληψιν
803 1721 840 1802 ἐκ
865 1730 1063 1808 περιτροπῆς
1090 1719 1141 1784 ἕνα

99 1847 124 1888 15
134 1835 222 1910 μῆνα
257 1825 451 1912 κατέχοντος
483 1828 607 1906 αὐτοὺς
639 1828 796 1916 ἑκατέρου
827 1827 1007 1914 παραλλάξ.
1049 1835 1140 1891 τοῦτο

99 1935 119 1998 2
135 1932 180 2016 δη
191 1933 229 1997 τὸ
243 1935 425 2018 πολίτευμα
439 1935 723 2020 καταστησάμενοι
737 1933 792 2001 καὶ
806 1936 890 2001 άλλα
902 1937 1035 2012 τούτοις
1047 1957 1141 2019 παρα-

134 2039 257 2122 πλήσια
285 2037 347 2104 οὐκ
375 2039 470 2123 ὀλίγα
493 2043 673 2127 πρόθυμον
697 2041 858 2126 ἐποίησαν
881 2044 929 2120 είς
950 2043 1013 2127 την
1036 2043 1175 2124 διαμο-εν

133 2145 197 2227 νην
221 2155 289 2210 τῶν
311 2146 515 2232 πραγμάτων
541 2147 602 2212 τὸν
625 2148 775 2231 δημότην
797 2144 852 2213 καὶ
873 2147 1033 2213 ταπεινὸν
1051 2148 1141 2230 όχλον

133 2249 188 2318 καλ
211 2252 275 2338 γάρ
298 2255 377 2328 τοὺς
399 2253 525 2336 νόμους
546 2253 627 2329 τοὺς
649 2251 725 2339 περὶ
747 2263 816 2318 τῶν
839 2256 1055 2338 συμβολαίων
1071 2255 1140 2327 τοὺς

97 2380 123 2419 ιο
132 2357 197 2423 ὑπὸ
215 2360 361 2423 Τυλλίου
384 2356 573 2444 γραφέντας
596 2360 860 2445 φιλανθρώπους
876 2358 932 2426 καὶ
952 2360 1140 2444 δημοτικούς

133 2457 220 2528 εἶναι
253 2463 452 2546 δοκοῦντας,
490 2463 549 2540 οὓς
581 2465 728 2542 ἅπαντας
758 2464 918 2531 κατέλυσε
955 2467 1137 2552 Ταρκύνιος,

133 2568 363 2634 ἀνενεώσαντο
395 2565 450 2634 καὶ
477 2571 535 2647 τάς
561 2573 686 2648 θυσίας
712 2572 771 2649 τάς
798 2595 834 2637 τε
860 2575 942 2638 κατὰ
969 2575 1069 2638 πόλιν
1092 2568 1138 2635 καί

132 2676 190 2751 τὰς
213 2672 267 2740 ἐπὶ
290 2684 356 2740 τῶν
379 2675 504 2760 ἀγρῶν,
528 2674 567 2752 δίς
589 2674 766 2743 ἐποιοῦντο
787 2688 908 2756 κοινῶς
926 2682 1096 2756 συνιόντες
1112 2677 1141 2741 οί

134 2782 275 2866 δημόται
301 2804 337 2845 τε
365 2779 421 2846 καὶ
450 2783 486 2847 οί
510 2781 665 2867 φυλέται,
693 2784 795 2850 πάλιν
817 2783 1024 2871 προσέταξαν
1048 2785 1137 2851 ἐπιτε-

206 2938 392 3008 1πρῶτονΒ
466 2938 721 3012 2παπ<ί>ριοςΒ
794 2936 1062 3014 ὅέ<γ>γένηταιΒ
1123 2944 1135 2991 9

132 3008 814 3137 σκιάζεταιθάλλειν
827 3011 1136 3150 Χωι

133 3099 148 3133 σ
170 3101 203 3203 διό
223 3149 367 3219 παραλλὰξ
386 3150 441 3204 del.
457 3125 491 3204 8ο
514 3124 586 3204 ⁸elle
600 3101 696 3207 ἕζετο.
711 3170 738 3221 p.
754 3159 787 3208 21
805 3156 809 3221 Ι
825 3161 907 3208 τούτο
921 3174 951 3208 τε
966 3104 1002 3222 δὴ
1018 3104 1041 3208 δ.
1055 3101 1135 3206 Κίδω·

133 3218 195 3286 ling
267 3227 298 3274 16
318 3221 367 3273 καὶ
386 3220 455 3273 άλλα
473 3221 582 3283 τούτοις
599 3222 781 3292 παραπλήσια
800 3224 852 3277 ούκ
871 3224 951 3294 δλίγα
969 3220 1134 3294 praebento

134 3290 201 3354 μοεῖ
220 3286 310 3354 ὄχλον,
329 3289 504 3358 transposuit
521 3291 622 3344 Portus
696 3299 729 3346 17
747 3303 945 3363 πραγματειῶν
965 3311 988 3350 ο.
1007 3293 1135 3358 Kiessling

173 3361 206 3408 19
227 3356 370 3425 συμβόλων
388 3359 411 3410 Β
428 3367 431 3417 Ι
447 3361 512 3422 τοὺς
531 3361 584 3415 del.
604 3361 748 3432 Kiessling
815 3371 848 3418 22
868 3367 973 3428 θυσίας
991 3365 1041 3418 καὶ
1057 3361 1134 3426 τδςΒ

137 3439 174 3475 an
191 3427 295 3486 θυσίας
312 3426 361 3478 καὶ
379 3427 455 3490 λιτὰς
473 3429 538 3491 τάςῖ
610 3438 644 3486 24
662 3431 881 3506 πρ<οσέ>ταξαν
900 3435 948 3489 Bb
