2394 3912
124 205 191 272 404
553 204 713 256 -ε-

126 368 208 434 ὅσον
232 367 274 433 ἀν
298 366 533 451 ἐξενέγκασθαι
557 365 694 431 δύναιτο
717 364 828 447 αὐτός,
851 361 907 428 καὶ
925 363 989 428 ἀπὸ
1009 369 1075 444 τῆς
1096 360 1152 424 άλ-

91 480 185 559 2λης
212 477 303 552 λείας
330 479 467 551 πολλαῖς
489 471 544 538 καὶ
566 478 683 550 καλαῖς
705 472 875 558 ἀπαρχαῖς.
923 473 1006 554 βοῆς
1030 465 1074 533 δὲ
1100 491 1152 550 γε-

126 579 271 667 νομένης
298 580 332 660 ἐξ
355 580 511 647 ἁπάντων
534 581 692 666 μεγάλης,
722 581 766 657 ὡς
789 579 831 645 ἀν
854 578 1093 644 ἐπαινούντων
1118 598 1151 639 τε

128 686 182 754 καὶ
206 686 457 774 συνηδομένων,
480 687 679 774 προσελθὼν
703 687 890 772 ὁΜάρκιος
909 693 954 774 τῷ
972 707 1009 748 τε
1028 683 1152 769 ὑπάτφ

104 819 117 862 ι
128 797 226 882 χάριν
250 793 375 860 είδέυαι
398 794 545 880 μεγάλην
567 796 632 879 ἔφη
654 792 711 860 καὶ
728 805 798 872 τοῖς
815 795 928 870 ἀλλοις
946 793 1079 857 ἀπασιν
1100 788 1151 855 ἐπὶ

128 914 200 980 ταῖς
227 913 350 986 τιμαῖς,
379 897 427 968 ὧν
453 902 556 968 αὐτὸν
578 901 709 986 ἠξίουν·
743 902 784 968 ού
807 900 920 986 μέντοι
942 899 1151 983 καταχρήσε-

130 1012 217 1075 σθαί
240 1006 271 1093 γ’
303 1008 432 1092 αὐταῖς,
464 1009 733 1094 ἀρκεσθήσεσθαι
762 1006 800 1074 δὲ
826 1016 872 1097 τῷ
900 1004 935 1073 θ’
967 1007 1062 1091 ἵππῳ
1093 1012 1149 1086 τῆς

130 1118 358 1202 λαμπρότητος
385 1126 453 1181 τῶν
479 1119 625 1201 σημείων
648 1117 761 1183 ἕνεκεν
783 1112 839 1181 καὶ
862 1113 912 1181 ἑνὶ
935 1113 1147 1198 αἰχμαλώτῳ,

131 1223 168 1300 ὃς
191 1224 305 1306 ἐτυχευ
329 1221 417 1308 αὐτῷ
442 1220 534 1300 ξένος
557 1223 613 1288 ὥν.
650 1225 686 1288 οἱ
706 1219 744 1288 δέ
767 1231 963 1307 στρατιῶται
985 1217 1042 1285 καὶ
1068 1221 1146 1302 πρό-

97 1354 122 1394 ιο
131 1353 229 1415 τερον
253 1328 413 1413 ἀγάμενοι
434 1331 494 1394 τὸν
517 1330 624 1415 ἀνδρα
646 1339 705 1415 τῆς
726 1331 970 1414 γενναιότητος,
995 1329 1045 1392 ἔτι
1068 1331 1145 1411 μᾶλ-

131 1442 192 1502 λον
224 1436 420 1520 ἐθαύμασαν
451 1444 509 1519 τῆς
538 1436 721 1521 ὑπεροψίας
746 1445 808 1502 τοῦ
835 1436 982 1501 πλούτου
1011 1432 1070 1500 καὶ
1098 1434 1144 1498 ὅτι

132 1545 270 1628 μετρίως
301 1544 419 1626 ἤνεγκε
450 1543 512 1626 τὴν
543 1545 711 1627 τοσαύτην
742 1543 908 1628 εὐτυχίαν.
955 1541 992 1608 ἐκ
1022 1540 1142 1606 τούτου

133 1650 341 1735 Κοριολανὸς
364 1648 529 1734 ἐπεκλήθη
552 1657 613 1716 τού
636 1653 747 1734 ἔργου,
771 1649 827 1716 καὶ
844 1650 979 1716 πάντων
999 1648 1142 1733 ἐγεγόνει

98 1759 200 1821 3τῶν
227 1757 309 1820 κατά
335 1757 397 1840 τὴν
424 1755 529 1840 αὐτὴν
556 1756 688 1840 ἡλικίαν
716 1748 982 1841 ἐπιφανέστατος.
1028 1763 1088 1838 τῆς
1109 1750 1140 1818 δέ

98 1885 124 1926 15
133 1864 216 1947 πρὸς
242 1865 321 1940 τοὺς
340 1857 506 1941 Ἀντιάτας
534 1865 638 1949 μάχης
664 1873 763 1930 τοῦτο
792 1864 960 1947 λαβούσης
987 1859 1133 1936 τὸτέλος

134 1971 172 2035 αί
191 1967 303 2037 λοιπαὶ
325 1980 393 2034 τῶν
408 1971 633 2036 Οὐολούσκων
654 1974 767 2048 πόλεις
790 1971 963 2036 διελύοντο
983 1971 1046 2054 τὴν
1064 1969 1181 2053 πρδςῑλθ

134 2081 212 2154 τοὺς
238 2072 419 2162 Ῥωμαίους
451 2080 592 2163 ἔχθραν,
624 2075 680 2143 καὶ
712 2078 787 2143 ὅσοι
813 2079 853 2142 τά
881 2078 979 2161 ὅμοια
1007 2075 1139 2150 ἐκείνοις

134 2183 315 2270 ἐφρόνουν,
335 2178 416 2249 οἵτ’
437 2184 474 2250 ἐν
492 2195 562 2262 τοῖς
580 2185 694 2261 ὅπλοις
711 2186 776 2269 ἤδη
796 2185 900 2266 ὄντες,
918 2180 974 2248 καὶ
994 2183 1028 2248 οί
1041 2203 1138 2267 παρα-

136 2295 368 2376 σκευαζόμενοι
396 2293 457 2357 τὸν.
485 2293 632 2376 πόλεμον
659 2289 852 2357 ἐπέπαυντο.
898 2281 949 2368 οἷς
975 2287 1137 2354 άπασιυὸ

99 2402 335 2483 ιοΠόστουμος
366 2398 515 2474 ἐπιεικῶς
544 2398 765 2483 χρησάμενος,
798 2395 1000 2481 ἀνέστρεψεν
1025 2393 1079 2460 ἐπὶ
1104 2396 1139 2458 τά

137 2508 252 2590 οἰκεία,
270 2504 326 2571 καὶ
344 2507 486 2591 διαφῆκε
504 2503 566 2588 τὴν
585 2505 751 2592 στρατιάν.
784 2503 932 2579 Κάσσιος
950 2500 981 2568 δ’
1000 2502 1017 2568 ὁ
1036 2501 1138 2586 ἕτερος

135 2623 202 2679 τῶν
234 2613 369 2678 ὑπάτων
403 2613 421 2678 ὁ
451 2610 686 2696 καταλειφθεὶς
713 2611 749 2677 ἐν
777 2619 817 2696 τῇ
841 2605 947 2695 Ῥώμη
974 2611 1034 2674 τὸν
1060 2609 1138 2674 νεὼν

136 2730 193 2804 τῆς
210 2743 245 2785 τε
260 2722 439 2806 Δήμητρος
456 2717 512 2785 καὶ
523 2721 696 2797 Διονύσου
715 2716 771 2784 καὶ
779 2722 893 2805 Κόρης
911 2717 947 2784 ἐν
966 2726 1012 2804 τῷ
1026 2715 1132 2801 peta?

136 2830 245 2916 χρόνφ
269 2825 487 2913 καθιέρωσεν,
511 2827 547 2903 ὅς
570 2825 660 2891 ἐστιν
683 2823 736 2891 ἐπὶ
758 2837 829 2903 τοῖς
851 2825 990 2912 τέρμασι
1011 2832 1071 2889 τοῦ
1091 2846 1138 2908 με-

102 2939 254 3021 εογίστου
285 2945 352 2999 τῶν
386 2933 601 3017 ἱπποδρόμων
632 2929 716 3017 ὑπὲρ
748 2932 850 3014 αὐτάς
881 2929 1061 3016 ίδρυμένος
1089 2931 1138 3005 τὰς

138 3041 282 3128 ἀφέσεις,
306 3037 487 3124 εὐξαμένου
511 3035 571 3124 μὲν
595 3040 697 3105 αὐτὸν
715 3039 832 3106 Αύλου
847 3040 1065 3122 Ποστουμίου
1084 3045 1135 3101 τοῦ

209 3276 225 3322 2
244 3272 359 3330 πολλαῖς
381 3267 430 3320 καὶ
453 3267 517 3321 add.
536 3266 559 3319 B
614 3274 630 3322 3
651 3267 687 3330 ὡς
710 3268 956 3324 συνεπαινούντων
981 3285 1004 3322 ο.
1029 3266 1138 3336 Sylburg

139 3337 247 3409 4<τε>
265 3338 313 3390 Bb
331 3337 362 3390 in
379 3354 433 3391 ras.
453 3343 469 3390 2
489 3336 544 3392 litt.
618 3338 776 3409 σμεγάλην
795 3339 902 3394 αόό.Β
975 3337 1138 3408 6καταχρή-

141 3411 247 3460 σασθαι
264 3407 316 3459 ΑΒ
397 3413 432 3460 20
450 3406 600 3478 ποστόμιος
617 3409 664 3463 Ba
699 3412 867 3481 ποστούμιος
884 3409 962 3464 ABb
1046 3416 1079 3464 26
1095 3428 1139 3462 πο

141 3477 254 3542 στομίου
272 3476 318 3530 Ba
352 3479 521 3546 ποστουμίου
540 3478 617 3532 ABb
