2384 3902
451 225 612 278 „5-

25 387 82 469 τὴν
110 389 211 450 πόλιν
239 386 323 469 ὅλην
353 387 478 470 δρόμος
504 380 548 468 ἦν
572 397 640 450 τῶν
664 385 799 468 ἀπόρων
821 386 927 470 <τὴν>
951 387 1043 452 ίδίαν

25 493 125 576 τύχην
149 491 426 576 ἀνακλαιομένων
448 491 505 558 καὶ
527 496 669 576 βοηθεῖν
691 496 771 570 τοὺς
794 491 894 570 πέλας
911 492 1043 571 ἀξιούν-

26 619 113 662 των·Ι
140 601 178 664 έκ
201 623 236 664 τε
259 610 327 665 τῶν
351 601 467 664 οἰκιῶν
490 600 526 664 οί
545 601 629 681 πρὸς
652 601 692 664 τά
714 598 794 684 χρέα
813 597 1044 676 δουλωθέντες

27 703 225 791 <έξύρμων>
248 716 426 790 κομῶντες,
450 705 584 782 ἁλύσεις
607 707 739 790 ἔχοντες
762 707 965 771 οἱπλεῖστοι
988 703 1044 770 καὶ
1127 723 1146 804 “,

26 809 123 889 πέδας
152 812 294 890 οὐδενὸς
317 812 625 897 ἀντιλαμβάνεσθαι
647 817 836 897 τολμῶντος
859 813 985 894 αύτῶν,
1015 813 1072 875 είε
1136 805 1142 814 ’

28 915 55 982 δ’
76 920 200 997 ἅψαιτο
230 921 353 1004 μόνον,
386 918 423 984 έν
445 929 567 1003 χειρῶν
589 922 682 1007 νόμῳ
707 916 1044 1003 διασπαραττομένου.

27 1026 167 1108 τοσαύτη
198 1028 300 1092 λύττα
327 1027 388 1092 τὸν
418 1026 526 1110 δῆμον
553 1024 591 1090 έν
613 1033 659 1113 τῷ
682 1027 756 1090 τότε
778 1033 882 1112 καιρῷ
905 1029 1079 1109 κατείχε,3

28 1129 77 1196 καί
99 1129 172 1216 μετ’
196 1131 238 1198 οὐ
259 1135 347 1198 πολὺ
370 1134 472 1217 μεστὴ
496 1141 564 1197 τῶν
587 1132 805 1216 ἐκφυγόντων
824 1133 881 1208 τάς
899 1131 1045 1214 ἀνάγκας

28 1233 65 1319 ἦν
92 1239 112 1321 ἡ
138 1239 257 1325 ἀγορά.
304 1239 322 1304 ὁ
346 1236 408 1324 μὲν
431 1234 494 1305 οὖν
508 1237 650 1315 ’Ἆππιος
673 1239 784 1314 δείσας
807 1238 869 1321 τὴν
892 1234 947 1322 ἐφ’
970 1237 1044 1304 ἑαυ-

28 1346 81 1408 τὸν
103 1345 217 1432 ὁρμὴν
240 1354 302 1411 τοῦ
324 1347 488 1428 πλήθους,
511 1344 625 1427 ἐπειδὴ
648 1353 716 1410 τῶν
735 1353 846 1408 κακῶν
864 1339 907 1426 ἦν
926 1349 1042 1427 αίτιος,
1057 1365 1082 1404 10

30 1449 78 1514 καί
101 1450 146 1517 δι’
168 1452 299 1517 ἐκεῖνον
319 1451 427 1517 ἐδόκει
446 1459 549 1516 ταῦτα
567 1449 753 1542 γεγονέναι,
777 1450 914 1534 φεύγων
933 1449 1045 1534 ἕκτης

30 1557 146 1643 ἀγορᾶς
176 1558 290 1647 ᾤχετο.
336 1558 354 1623 ὁ
384 1555 421 1623 δὲ
444 1561 642 1644 Σερουίλιος
669 1557 770 1641 ῥίψας
796 1558 858 1640 την
887 1559 1045 1640 περιπόρ-

4 1678 138 1749 οιρνρον
164 1666 292 1748 ἐσθῆτα
314 1663 371 1731 καὶ
393 1667 656 1752 προκυλιόμενος
679 1673 746 1728 τῶν
765 1665 954 1747 δημοτικῶν
973 1661 1045 1728 ἑκά-

31 1787 104 1835 στου
128 1773 213 1856 μετὰ
237 1773 405 1856 δακρύων,
429 1774 523 1854 μόλις
546 1771 669 1848 αὐτοὺς
687 1773 817 1836 ἔπεισεν
835 1768 965 1852 ἐκείνην
983 1765 1045 1854 μὲν

30 1877 85 1960 την
111 1877 244 1962 ἡμέραν
273 1878 434 1962 ἐπισχεῖν,
463 1878 510 1954 είς
536 1874 573 1944 δὲ
596 1878 658 1961 τὴν
680 1877 841 1942 ἐπιοῦσαν
864 1877 972 1960 ύκειν,
1001 1876 1046 1954 ὡς
1061 1898 1086 1938 15

31 1993 80 2068 τῆς
107 1989 237 2068 βουλῆς
265 1984 455 2069 ἐπιμέλειάν
481 2007 557 2050 τινα
579 1983 656 2069 περὶ
679 1985 791 2051 αὐτῶν
814 1980 1046 2067 ποιησομένης.

30 2089 115 2156 ταῦτ’
139 2093 246 2158 είπίον
269 2090 324 2156 καὶ
346 2093 406 2156 τὸν
431 2093 559 2177 κήρυκα
578 2091 726 2156 ἀνειπεῖν
743 2092 901 2166 κελεύσας
919 2087 1047 2173 μηδένα

31 2209 92 2262 τῶν
111 2199 300 2263 δανειστῶν
319 2196 444 2275 ἐξεῖναι
459 2207 553 2281 σῶμα
566 2197 737 2262 πολιτικὸν
750 2197 834 2280 πρὸς
847 2197 937 2261 ίδιον
950 2193 1048 2279 χρέος

32 2306 133 2388 ἄγειν,
167 2304 230 2380 ἕως
259 2302 328 2387 [ἀν]
358 2303 378 2385 ἡ
407 2303 512 2386 βουλὴ
535 2301 610 2387 περὶ
634 2303 744 2369 αὐτῶν
768 2304 939 2384 διαγνοίη,
968 2305 1047 2378 τοὺς

34 2407 66 2474 δὲ
91 2414 262 2496 παρόντας
290 2411 367 2476 ὅποι
396 2411 574 2494 βούλοιντο
602 2409 706 2486 ἀδεῶς
734 2408 881 2492 ἀπιέναι,
915 2406 1047 2473 διέλυσε
1062 2429 1088 2468 εο

34 2518 86 2581 τὸν
108 2520 275 2602 θόρυβον.

95 2625 234 2690 XXVII.
271 2627 351 2690 Τότε
379 2620 440 2706 μὲν
468 2617 531 2687 οὖν
553 2621 680 2709 ᾤχοντο
704 2620 741 2687 ἐκ
762 2630 822 2705 τῆς
848 2621 986 2707 ἀγορᾶς,
1008 2631 1048 2708 τῇ

103 2787 116 2834 1
139 2780 217 2836 ἰδίαν
237 2779 322 2848 τύχην
343 2779 365 2833 Ο
384 2780 498 2847 praeter
516 2777 591 2847 Cmg
609 2777 658 2847 qui
693 2779 745 2848 τὴν
765 2778 843 2834 ίδίαν
861 2779 948 2907 τύμην
967 2796 1050 2848 prae-

35 2850 80 2906 bet
152 2857 168 2906 5
195 2853 262 2920 post
279 2848 369 2912 πέδας
386 2850 505 2903 verbum
533 2845 666 2918 ἐξῆλθον,
691 2846 869 2921 ἐξώρμησαν,
909 2850 1079 2922 ξέδραμον·

37 2922 78 2974 vel
93 2922 187 2976 simile
205 2921 275 2994 quid
293 2920 429 2975 omissum
447 2937 508 2974 esse
522 2938 545 2974 ο.
559 2921 660 2976 Portus
675 2924 704 2975 et
719 2923 849 2992 Sylburg,
868 2925 934 2992 post
953 2922 1049 2978 οἰκιῶν

37 2992 170 3046 excidisse
190 2988 334 3061 ἐξεπήδων
353 3009 376 3046 ο.
396 2990 501 3045 Reiske
520 2991 566 3060 (cf.
586 2991 710 3046 Sintenis
729 2993 790 3048 Em.
809 2995 891 3048 Dion.
912 2995 985 3064 123)
1006 2991 1049 3060 έξ-

38 3061 140 3134 ίφνγον
160 3083 183 3120 υ.
203 3062 356 3131 Kiessling‚
376 3065 442 3116 ante
461 3071 601 3132 κομῶντες
618 3081 644 3118 v.
659 3071 676 3118 4
694 3063 801 3118 inserui
820 3061 951 3136 ἐξώρμων
968 3071 972 3132 λ
988 3070 1050 3120 τολ-

38 3143 141 3201 μῶντος
159 3133 423 3208 ἀντιλαμβάνεσθαι
441 3134 464 3186 Β
501 3142 516 3188 6
532 3129 563 3188 ἐκ
578 3135 669 3204 χειρὸς
683 3133 759 3209 νόμῳ
775 3137 797 3190 Ο
818 3133 849 3191 έν
865 3137 960 3226 ηειρδς
974 3135 1049 3206 νόμω

39 3205 178 3275 Gesttling‚
206 3205 477 3260 Rssmxstaatsverf.
505 3224 532 3274 p.
553 3210 586 3259 13
612 3209 617 3272 Ι
642 3208 938 3277 διασπαραττομενονς
966 3192 1049 3260 ΑΒΕ

40 3276 294 3347 διαπραττομένους
313 3276 363 3331 Bc
388 3292 455 3329 corr.
478 3275 636 3344 Shephanus
728 3283 744 3332 8
768 3279 822 3332 *ού
848 3278 917 3348 μετὰ
936 3277 1049 3331 πολύΟ

40 3341 106 3415 θύγν
132 3349 227 3403 om.B
320 3355 352 3402 19
378 3345 428 3409 ἕως
452 3343 488 3400 ἀν
507 3349 690 3417 -διαγνοίη
715 3348 737 3402 O
776 3346 827 3411 ἕως
850 3349 979 3418 διαγνοίη
1004 3350 1050 3402 vel

42 3415 88 3480 ἕως
106 3417 142 3474 διν
160 3423 267 3492 διαγνῷ
286 3417 417 3472 Hertlein
436 3419 552 3471 Hermes
572 3419 597 3471 X
612 3423 665 3474 415
682 3431 685 3488 Ι
703 3419 796 3490 ἀγειν]
816 3419 937 3490 ἀπάγειν
957 3438 980 3474 ο.
1000 3419 1050 3474 Co·

42 3488 87 3542 bet
105 3489 170 3546 Obs.
189 3509 217 3559 p.
233 3495 284 3545 116
359 3495 393 3544 20
412 3489 529 3542 ἀπεῖναι
546 3488 569 3541 Β
608 3505 611 3512 ⁴
