2394 3912
153 227 269 295 338*
584 227 798 302 -5-,

153 389 311 476 μένοντες
343 394 536 475 καθήμεθα,
569 399 634 473 γῆν
665 385 697 453 τ’
735 391 887 474 ἄσπορον
919 387 1080 472 ἀφεικότες
1105 385 1147 452 καί

153 495 258 574 αὐλάς
280 494 543 582 διαρπαζομένας
566 495 712 580 ὁρῶντες
732 497 827 560 λείαν
844 490 876 560 τ’
898 492 1149 578 ἀπελαυνομένην

153 601 208 668 καὶ
235 603 446 688 θεράποντας
468 601 738 687 αὐτομολοῦντας
759 599 816 666 καὶ
840 601 903 666 οὐκ
925 603 1065 686 ἔχοντες,
1090 601 1106 666 ὅ
1125 624 1149 664 τι

153 711 348 796 χρησόμεθα
370 718 440 786 τοῖς
456 718 580 786 κακοίς.
615 707 672 773 καὶ
690 717 795 773 ταῦτα
812 708 996 794 πάσχοντες
1013 711 1057 773 ἔτι
1074 709 1148 772 διαλ-

127 819 362 901 ελαχησεσθαι
388 816 472 900 πρὸς
498 814 584 899 ἡμᾶς
606 813 780 899 ἐλπίζομεν
803 817 841 880 τὸ
864 817 1059 900 δημοτικόν,
1083 812 1148 896 [καὶ]

154 918 208 1007 ἐφ’
225 922 306 1005 ἡμῖν
327 921 479 1007 ὑπάρχον
499 923 623 998 εἰδότες
642 919 693 986 ἕνλ
711 922 967 987 καταλύσασθαι
984 923 1148 1005 ψηφίσματι

153 1029 214 1112 τὴν
237 1028 367 1107 στάσινς

221 1135 273 1199 LI.
303 1133 400 1199 Οὕτω
425 1131 462 1200 δὲ
484 1145 593 1211 κακῶς
616 1134 762 1219 ἐχόντων
785 1133 866 1219 ἡμῖν
888 1145 957 1198 τῶν
981 1134 1149 1220 ὑπαιθρίων

154 1237 235 1307 οὐδὲ
257 1242 297 1306 τά
321 1239 415 1318 ἐντὸς
437 1242 567 1326 τείχους
590 1242 685 1306 δεινά
707 1236 807 1324 ἧττόν
831 1240 900 1306 ἐστι
919 1242 1058 1327 φοβερά.
1090 1241 1178 1306 οὔτιν’

114 1386 140 1424 10
153 1349 217 1434 γάρ
250 1347 295 1424 ὡς
324 1349 625 1433 πολιορκησόμενοι
652 1347 953 1434 παρεσκευάσμεθα
984 1346 1021 1413 ἐκ
1046 1352 1150 1412 πολλοῦ

153 1455 193 1518 τά
226 1454 415 1538 συμμαχικὰ
447 1453 523 1517 οὔτε
555 1456 678 1537 πλήθει
709 1451 805 1520 αὐτοὶ
833 1452 1048 1540 ἀποχρῶντές
1073 1453 1150 1538 ἐσμεν

154 1560 199 1638 ὡς
225 1562 308 1646 πρὸς
335 1567 480 1625 τοσαῦτα
508 1561 677 1644 πολεμίων
708 1563 810 1645 ἔθνη,
838 1569 899 1626 τοῦ
924 1557 954 1626 δ’
979 1561 1092 1644 ὀλίγον
1110 1557 1151 1624 καί

154 1666 215 1731 οὐκ
239 1665 420 1751 ἀξιομάχου
442 1667 662 1751 πληρώματος
684 1669 722 1732 τὸ
745 1670 862 1732 πλεῖόν
886 1666 956 1732 ἐστι
981 1669 1151 1751 δημοτικόν,

153 1778 254 1855 θῆτες
281 1769 336 1837 καὶ
362 1773 501 1838 πελάται
521 1770 577 1837 καὶ
600 1775 836 1860 χειρώνακτες,
864 1774 906 1838 οὐ
929 1774 1022 1839 πάνυ
1044 1773 1151 1858 βέβαιοι

114 1915 140 1954 15
153 1875 397 1961 τεταραγμένης
420 1878 672 1964 ἀριστοκρατίας
690 1880 846 1963 φύλακες.
884 1879 922 1944 αί
936 1903 973 1945 τε
993 1871 1059 1946 νῦν
1076 1880 1149 1944 αὐτο

154 1985 267 2068 μολίαι
294 1994 444 2068 συνεχεῖς
471 1985 583 2050 αὐτῶν
610 1986 694 2070 πρὸς
720 1986 799 2062 τοὺς
826 1985 1057 2070 ἀφεστηκότας
1079 1987 1150 2070 γινό-

119 2113 263 2178 ημεναι,
282 2091 320 2156 τὸ
339 2092 474 2175 σύμπαν
493 2091 645 2158 ὕποπτον
659 2085 746 2157 εἶναι
760 2093 1058 2178 παρεσκευάκασιν.
1087 2088 1150 2173 ὑπὲρ

154 2199 284 2264 ἅπαντα
305 2191 351 2262 ’δὲ
379 2205 483 2262 ταῦτα
511 2197 530 2281 ἡ
557 2207 625 2263 τῶν
653 2197 851 2282 ἐπιτηδείων
880 2199 1068 2284 συγκομιδὴ
1091 2221 1150 2280 κρι-

153 2304 317 2389 τουμένης
345 2303 409 2368 ὑπὸ
437 2313 506 2369 τῶν
533 2307 702 2389 πολεμίων
729 2314 788 2389 τῆς
814 2314 875 2388 γῆς
898 2303 1066 2382 ἀδύνατος
1086 2299 1151 2370 οὖσα

115 2449 141 2489 20
154 2416 257 2496 φοβεῖ
281 2434 316 2478 τε
343 2412 409 2494 ἤδη
438 2412 551 2495 λιμόν,
580 2410 716 2477 ἐπειδάν
744 2405 775 2475 τ’
802 2409 839 2476 ἐν
862 2419 907 2499 τῷ
932 2411 1048 2500 άπόρφ
1070 2411 1151 2496 γενό-

155 2525 243 2602 μεθα
266 2520 314 2604 ἔτι
337 2521 465 2602 μᾶλλον
488 2521 641 2603 φοβήσει,
665 2515 766 2603 χωρίς
790 2514 828 2582 δὲ
849 2518 981 2584 τούτων
1005 2518 1025 2584 ό
1045 2516 1181 2604 μηδέντθό

154 2627 279 2711 χρόνον
308 2623 393 2708 ἡμᾶς
423 2624 602 2690 εὐσταθεῖν
631 2634 704 2702 ταῖς
733 2626 900 2702 διανοίαις
928 2624 994 2691 ἐῶν
1021 2628 1150 2709 πόλεμος,

155 2731 283 2797 ἅπαντα
298 2727 377 2816 (δ’)
399 2731 599 2817 ὑπερβάλλει
620 2733 661 2796 τά
684 2732 779 2796 δεινὰ
801 2731 925 2814 γύναια
943 2743 1012 2797 τῶν
1031 2732 1150 2797 άποστα·

155 2848 222 2902 τῶν
245 2835 300 2903 καὶ
323 2839 440 2903 παιδιά
462 2841 564 2922 νήπια
586 2835 641 2902 καὶ
664 2835 799 2924 γηραιοὶ
822 2849 945 2920 γονεῖς,
970 2837 1007 2903 ἐν
1031 2837 1150 2920 ἐσθῆσιν

156 3069 207 3122 δον
227 3068 250 3122 Ο
287 3086 310 3120 τ.
329 3065 477 3136 γενόμενοι
499 3083 523 3121 ο.
546 3065 691 3136 Kiessling
713 3066 748 3120 of.
774 3065 897 3120 Sintenis
916 3065 947 3119 in
966 3065 1093 3120 Zarnckii
1108 3063 1151 3116 Litf

155 3140 239 3192 berar.
258 3137 386 3191 Univers.
403 3143 470 3192 1865
489 3155 517 3206 p.
533 3143 593 3206 ⁷42,
612 3137 721 3206 Kayser
737 3136 867 3192 Heidelb.
883 3137 986 3191 Annal.
998 3142 1066 3193 1888
1079 3155 1101 3205 p.
1112 3137 1154 3194 615,

156 3207 292 3277 τειχήρεις
308 3204 439 3275 μένοντες
458 3223 510 3276 ego

228 3283 244 3330 θ
264 3272 419 3341 ἐλπίζοντες
438 3277 461 3330 Ο
499 3273 643 3348 ἐλπίζομεν
662 3279 766 3334 Reiske
792 3283 796 3348 Ι
821 3279 870 3334 καί
893 3278 1089 3334 δελθὶολευὶε
1105 3277 1151 3330 Em.

157 3345 239 3398 Dion.
253 3346 279 3398 Il
295 3351 327 3399 22
365 3349 458 3400 καίτοι
476 3363 498 3402 ο.
518 3348 662 3419 Kiessling
679 3351 724 3403 Pr.
743 3351 808 3404 Bas.
827 3367 855 3420 p.
872 3356 906 3405 18
972 3351 1084 3422 θὴμῖν]
1100 3349 1152 3418 ὑμῖν

158 3414 195 3530 {j
242 3418 276 3491 λθ
295 3417 426 3485 φοβεῖται
444 3416 488 3504 βο
525 3420 613 3540 φοβεῖ
626 3439 655 3474 τε
674 3421 751 3474 ABb
768 3425 772 3490 Ι
788 3420 844 3490 ἤδη
864 3422 988 3491 λιμὸνΟ
1018 3422 1093 3492 λιμὸν
1110 3417 1150 3472 del.

196 3481 301 3548 eflsllng
372 3489 443 3538 ‘236
471 3487 535 3542 add.
578 3492 655 3544 ortus
