2384 3902
561 187 720 240 ..ς-

129 350 223 424 ὄντες
254 345 310 413 καὶ
341 351 435 432 φίλοι
467 344 525 412 καὶ
555 349 635 423 τοὺς
666 344 790 422 αὐτούς
822 344 1034 428 ὀμωμοκότες
1063 339 1139 420 ἕξειν

131 453 275 540 ἐχθροὺς
296 452 351 520 καί
375 457 506 538 φίλους,
529 452 686 519 ἁπάντων
706 452 924 537 ὑπεριδόντες
942 449 1072 514 τούτων
1089 449 1139 512 πό

131 564 233 644 λεμον
261 557 479 644 ἐπιφέρουσιν
506 559 587 644 ἡμῖν
610 559 744 641 ἄδικον,
775 558 838 642 οὐχ
860 553 946 642 ὑπὲρ
971 555 1073 641 ἀρχῆς
1093 550 1139 618 καὶ

132 667 338 749 δυναστείας,
363 664 543 751 ὁποτέρους
564 664 659 750 ἡμῶν
677 668 805 750 μᾶλλον
819 663 928 748 αὑτήν
942 664 1032 747 ἔχειν
1049 675 1139 744 κροσ-

107 779 223 855 εήκεν’
255 767 355 855 ήττον
381 774 445 858 γάρ
473 770 515 838 δν
541 767 585 854 ήν
608 772 737 836 δεινόν·
775 764 847 835 ἀλλ’
869 764 956 855 ὑπὲρ
984 777 1044 852 τής
1067 771 1184 850 Tap-10⁵0*

132 881 259 942 κυνίων
287 879 504 963 τυραννίδος,
534 877 592 942 ἵνα
621 879 750 961 δούλην
778 873 849 941 ἀντ’
877 874 1061 959 ἐλευθέρας
1088 875 1138 956 τήν

95 987 115 1050 3
130 986 229 1048 πόλιν
247 983 362 1061 αὑτοῖς
379 986 553 1068 ποιήσωσι.
590 983 652 1069 χρὴ
673 981 712 1049 δὲ
728 981 784 1048 καὶ
803 982 899 1066 ὑμᾶς,
919 982 1044 1066 ἄνδρες
1056 985 1139 1064 λοχα·

133 1090 191 1171 γοί
210 1112 245 1154 τε
267 1088 323 1155 καὶ
342 1101 549 1175 στρατιῶται,
572 1092 755 1174 μαθόντας,
779 1089 830 1153 ὅτι
849 1087 1047 1173 συμμάχους
1065 1089 1139 1171 ἔχετε

133 1196 212 1271 τοὺς
238 1195 356 1278 θεούς,
385 1195 479 1281 οἵπερ
509 1193 575 1260 αίεί
601 1196 664 1279 τήν
690 1197 790 1261 πόλιν
813 1196 998 1276 σώζουσιν,
1027 1193 1139 1276 ἄνδρας

99 1327 124 1364 1ο
135 1300 285 1384 ἀγαθοὺς
311 1299 471 1384 γενέσθαι
497 1299 573 1385 περὶ
599 1303 699 1367 τόνδε
726 1303 786 1366 τὸν
814 1299 942 1384 ἀγῶνα·
982 1297 1140 1383 ἐπισταμέ-

133 1429 225 1490 νους,
249 1408 300 1473 ὅτι
321 1417 381 1492 τῆς
402 1408 491 1491 παρὰ
513 1413 607 1472 θεῶν
628 1409 791 1491 βοηθείας
813 1406 956 1492 ὑπάρχει
973 1405 1140 1489 τυγχάνειν

134 1524 204 1589 τοῖς
230 1515 391 1596 γενναίως
419 1511 677 1597 ἀγωνιζομένοις
703 1510 760 1578 καὶ
782 1513 890 1579 πάντα
912 1513 954 1577 τὰ
976 1506 1057 1597 παρ’
1079 1509 1141 1576 ἑαν-

134 1629 204 1695 τοίς
226 1621 273 1696 εἰς
294 1621 332 1685 τὺ
351 1628 450 1685 νικᾶν
467 1622 629 1704 πρόθυμα
647 1617 898 1704 παρεχομένοις,
922 1618 965 1683 οὐ
984 1629 1056 1696 τοῖς
1073 1618 1141 1702 φεύ-

135 1741 254 1806 γουσιν
277 1725 313 1790 ἐκ
335 1735 403 1791 τῶν
425 1726 607 1808 κινδύνων,
631 1724 715 1790 ἀλλὰ
737 1735 807 1802 τοῖς
830 1724 1052 1811 βουλομένοις
1070 1721 1141 1805 ὑπὲρ

100 1854 125 1894 ιε
136 1827 262 1894 ἑαυτῶν
284 1836 513 1916 ταλαιπωρεῖν.
555 1831 695 1918 ὑπάρχει
719 1826 750 1894 δ’
780 1830 862 1916 ήμῖν
884 1833 994 1897 πολλὰ
1008 1827 1079 1915 ,μὲν
1096 1825 1141 1893 καὶ

136 1935 219 2000 ἄλλα
250 1939 517 2022 πλεονεκτήματα
549 1939 633 2023 πρὸς
663 1939 701 2004 τὸ
733 1946 832 2003 νικᾶν
864 1937 930 2003 ὑπὸ
963 1947 1024 2022 τῆς
1054 1937 1141 2021 τύχης

135 2040 443 2128 παρεσκευασμένα,
471 2045 547 2128 τρία
570 2040 608 2108 δὲ
629 2044 766 2109 πάντων
789 2044 949 2109 κάλλιστα
973 2041 1030 2108 καὶ
1053 2065 1141 2128 φανε-

136 2148 273 2232 ρύτατα.

202 2253 279 2320 VII.
312 2259 455 2340 Πρῶτον
486 2250 548 2338 μὲν
580 2256 618 2319 τὸ
649 2249 728 2340 παρ’
758 2253 913 2339 ἀλλήλων
943 2258 1079 2336 πιστόν,
1109 2249 1141 2318 οὑ

104 2387 130 2426 νο
140 2361 280 2445 μάλιστα
303 2361 357 2425 δεῖ
375 2371 447 2437 τοῖς
468 2359 628 2444 μέλλουσι
650 2371 718 2425 τῶν
737 2359 871 2446 ἐχθρῶν
889 2364 1077 2445 κρατήσειν.
1108 2359 1142 2424 ού

136 2469 200 2552 γὰρ
224 2465 429 2552 ἀρξαμένους
450 2466 536 2550 ὑμᾶς
553 2469 698 2551 τήμερον
716 2466 872 2549 ἀλλήλοις
891 2460 980 2531 εἶναι
999 2469 1142 2550 βεβαίως

137 2577 258 2659 φίλους
287 2571 417 2638 δεῖκαὶ
438 2574 576 2648 πιστοὺς
599 2572 806 2657 συμμάχους,
837 2568 909 2637 ἀλλ’
932 2572 954 2656 ή
977 2571 1142 2658 πατρὶςένι
1182 2601 1183 2662 η

137 2685 263 2746 πολλοῦ
292 2673 392 2745 τοῦδ’
418 2679 520 2746 ἅπασι
547 2679 772 2764 παρεσκεύακε
799 2678 962 2762 τάγαθόν.
1009 2677 1064 2744 καὶ
1086 2679 1140 2761 γὰρ
1142 2689 1176 2736 105

208 2869 379 2940 4προσήκει
403 2889 426 2925 ο.
450 2870 578 2925 Hertlein
595 2870 712 2924 Hermes
732 2869 757 2922 X
775 2876 830 2923 414
940 2865 1128 2959 λαύτοῖς]
1098 2891 1141 2923 αν

137 2949 186 3006 θις
209 2941 394 2997 c.B1‘icheler
485 2947 517 2996 11
541 2941 617 3012 περὶ]
636 2941 720 3020 παρὰ
743 2957 766 2995 c.
785 2939 890 2994 Reiske
985 2948 1018 2996 12
1038 2936 1140 3000 ἕαντοὺς

137 3013 215 3070 ABG
257 3007 369 3076 ἕαυτοις
385 3012 444 3074 ,DE
481 3007 589 3067 εαυτῶν
613 3028 636 3065 ο.
636 2999 764 3067 Reiske
801 3017 860 3074 τοῖς
883 3011 1000 3067 ἅπαντα
1022 3012 1057 3066 τὰ
1076 3007 1138 3065 καθ’

138 3083 301 3148 ἕαυτοὺςο.
325 3083 414 3138 Οοὺοὑ
438 3083 503 3138 Obs.
521 3101 548 3152 p.
566 3088 616 3137 110
707 3088 740 3136 13
758 3085 925 3153 προθυμίαν
945 3083 1050 3138 ΑΒΕε
1081 3100 1140 3168 ¹¹0⁰,-

138 3158 248 3242 δυμίρι
257 3153 337 3207 DEb
377 3152 514 3223 πρόθυμα
542 3170 565 3208 ο.
592 3153 751 3242 Stephanus
781 3103 841 3207 ρναλ
863 3162 960 3209 πᾶσαν
983 3153 1091 3216 πάντως
1110 3151 1139 3204 τὰ

139 3221 213 3343 ηταρ’
235 3218 392 3284 ἕαυτοις-
407 3225 572 3314 προθυμίαν
595 3222 799 3292 παρεχομένοις
822 3223 1035 3280 dubitantem.
1058 3223 1138 3277 Κὶεεε-

139 3293 201 3378 ling
255 3297 288 3344 15
307 3291 414 3360 ήμινΒ
450 3294 516 3360 ὑμῖν
534 3294 560 3345 R
615 3301 647 3348 17
666 3293 822 3362 μάλισταΟ
859 3292 1035 3348 ειάλλισταο
1048 3292 1139 3347 Reiske

143 3359 255 3444 μέγιστα
269 3359 412 3449 Kiessling
428 3365 433 3430 Ι
448 3363 633 3431 φανερώτατα
647 3371 736 3417 ταῦτα
750 3380 773 3416 c
788 3362 928 3418 Bfloheler
988 3370 1021 3418 22
1039 3363 1140 3422 πιστοὺς

143 3427 275 3493 ἡγεῖσθαι
294 3429 452 3497 συμμάχους
469 3448 492 3483 ο
511 3431 614 3485 Reiske
