2400 3912
142 205 205 270 176
570 207 733 258 -Ε-

143 367 288 448 ἐξιοῦσιν
325 368 361 434 ἐκ
396 379 463 434 τῶν
500 367 673 452 ἐρυμάτων
710 369 918 452 βοσκήμασιν
955 365 1136 432 ἐπετίθεντο.

107 473 368 561 2κρατουμένης
396 472 433 541 δὲ
460 484 518 559 τῆς
544 475 717 561 ὑπαίθρου
744 474 851 558 πάσης
878 473 944 539 ὑπὸ
970 483 1037 538 τῶν
1058 476 1137 538 πολε-

142 583 243 667 μίων,
271 580 326 647 καὶ
354 579 424 647 οὔτ’
448 580 484 647 ἐκ
510 591 572 666 γῆς
599 580 877 666 εἰσκομιζομένων
906 582 953 656 είς
974 580 1035 662 την
1057 583 1137 644 πόλιν

141 700 209 754 τῶν
238 687 371 775 ἀγορῶν
395 688 471 754 ούτε
495 689 562 773 μὴν
585 690 641 753 διὰ
663 697 724 755 τοῦ
747 695 899 772 ποταμοῦ
922 684 1137 770 καταγομένων

116 795 194 861 εὸτι
213 797 257 880 μὴ
277 797 440 879 σπανίων,
463 806 576 880 ταχεῖα
594 807 661 861 τῶν
679 795 872 879 ἀναγκαίων
891 793 1010 872 σπάνις
1027 791 1165 877 έγένετονό

142 902 281 987 μυριάσι
307 907 445 978 πολλαῖς
472 902 513 966 τά
539 900 858 989 παρασκευασθέντα
886 900 928 966 οὐ
950 901 1056 966 πολλὰ
1078 901 1139 964 όντα

109 1009 366 1086 3δαπανύσαις.
411 1007 466 1074 καὶ
497 1010 579 1094 μετὰ
610 1006 708 1074 τοῦθ’
740 1009 775 1074 οί
804 1007 1010 1094 θεράποντες
1041 1003 1141 1072 πολλοὶ

143 1118 379 1193 καταλιπόντες
401 1119 481 1193 τοῦς
500 1118 661 1194 δεσπότας
679 1115 891 1200 ηὐτομόλουν
910 1111 1081 1198 ὁσημέραι,
1101 1109 1141 1176 καὶ

145 1221 180 1286 ἐκ
207 1230 267 1286 τοῦ
296 1223 478 1306 δημοτικοῦ
501 1225 654 1305 πλήθους
677 1222 713 1287 οί
732 1223 955 1306 πονηρότατοι
978 1221 1061 1306 πρὸς
1081 1222 1141 1294 τοὺς

106 1353 131 1392 ιο
150 1331 344 1414 Τυρρηνοὺς
363 1328 559 1413 ἀφίσταντο·
587 1323 686 1394 ταῦθ’
704 1328 807 1415 ὁρῶσι
825 1337 895 1404 τοῖς
913 1327 1053 1404 ὑπάτοις
1069 1325 1142 1402 ἔδοξε

144 1438 300 1501 Λατίνων
328 1431 390 1519 μὲν
418 1437 553 1501 δεῖσθαι
581 1447 649 1501 τῶν
676 1438 725 1501 ἔτι
748 1432 960 1519 αἰδουμένων
983 1435 1021 1498 τὸ
1045 1449 1142 1515 συγγε-

145 1539 200 1619 νδς
218 1540 273 1608 καὶ
292 1541 405 1626 μένειν
425 1544 618 1608 δοκούντων
638 1542 675 1608 έν
693 1552 733 1628 τῇ
753 1546 849 1630 φιλίᾳ
863 1544 1052 1628 συμμαχίας
1065 1542 1143 1624 σφίσι

145 1647 271 1732 πέμψαι
295 1651 351 1714 διὰ
374 1648 512 1735 ταχέων,
536 1652 583 1727 είς
607 1646 645 1714 δὲ
665 1651 726 1734 τὴν
745 1650 949 1733 Καμπανίδα
967 1649 1086 1732 Κύμην
1103 1643 1144 1710 καὶ

146 1757 203 1831 τάς
231 1755 268 1820 ἐν
295 1764 341 1843 τῷ
366 1759 571 1845 Πωμεντίνῳ
600 1759 704 1844 πεδίῳ
731 1759 844 1832 πόλεις
872 1755 1063 1822 ἀποστεῖλαι
1084 1750 1143 1837 πρέ-

106 1883 132 1924 ισ
147 1863 237 1944 σβεις
265 1861 466 1941 ἀξιώσοντας
496 1864 598 1942 αὐτάς
625 1867 721 1930 σίτου
749 1864 867 1948 σφίσιν
896 1861 1066 1946 ἐξαγωγὴν
1092 1858 1144 1925 ἐτι-

110 1965 273 2052 4τρέψαι.
305 1972 444 2035 Λατῖνοι
464 1968 524 2055 μὲν
544 1965 607 2035 ούν
627 1969 864 2056 διεκρούσαντο
879 1969 942 2052 τὴν
956 1967 1145 2052 ἐπικουρίαν,

147 2074 191 2150 ὡς
224 2074 284 2160 οὐχ
317 2075 412 2142 ὅσιον
445 2076 558 2153 αὐτοῖς
590 2075 630 2142 δν
663 2077 740 2141 οὔτε
775 2077 974 2161 Ταρκυνίοις
1006 2080 1145 2158 πολεμεῖν

146 2181 222 2247 ούτε
240 2177 426 2267 Ῥωμαίοις,
451 2181 564 2266 ἐπειδὴ
588 2190 684 2267 κοινῇ
708 2180 891 2248 συνέθεντο
914 2181 998 2265 πρὸς
1022 2179 1147 2265 ἀμφοτέ-

146 2313 226 2375 ρους
248 2291 289 2354 τὰ
310 2287 387 2374 περὶ
406 2298 462 2374 τῆς
481 2292 594 2375 φιλίας
613 2289 721 2375 ὅρκια·
754 2288 790 2354 ἐκ
809 2284 846 2354 δέ
864 2296 925 2352 τοῦ
943 2290 1148 2373 Πωμεντίνου

106 2417 132 2458 ιο
146 2398 263 2463 πεδίου
278 2397 424 2482 Λάρκιός
442 2419 476 2462 τε
495 2394 550 2461 καὶ
563 2391 733 2481 Ἑρμίνιος
753 2396 788 2460 οί
802 2393 1014 2479 πεμφθέντες
1032 2393 1084 2460 ἐπὶ
1099 2393 1147 2474 τὴν

145 2504 378 2589 παρακομιδὴν
410 2511 471 2568 τοῦ
502 2505 598 2567 σίτου
630 2501 784 2588 πρέσβεις
816 2501 940 2578 πολλάς
969 2503 1148 2585 γεμίσαντες

148 2610 275 2694 σκάφας
297 2613 457 2686 παντοίας
478 2617 606 2694 τροφῆς
629 2609 692 2674 άπὸ
716 2609 885 2691 θαλάττης
905 2606 970 2672 άνδι
988 2609 1048 2672 τὸν
1065 2629 1149 2672 ποια-

148 2716 212 2800 μὸν
240 2714 277 2781 ἐν
305 2715 401 2782 νυκτὶ
429 2715 579 2802 άσεληνφ
608 2719 771 2792 λαθόντες
792 2717 873 2792 τοὺς
894 2717 1072 2799 πολεμίους
1092 2714 1183 2777 διε-ού

113 2824 134 2889 5
148 2825 298 2908 κόμισαν.
331 2825 414 2907 ταχὺ
434 2819 470 2887 δὲ
485 2820 541 2887 καὶ
555 2824 676 2906 ταύτης
691 2821 958 2904 ἐξαναλωθείσης
971 2829 1029 2904 της
1043 2819 1150 2904 άγοράς

107 2947 131 2990 25
148 2927 202 2994 καὶ
229 2939 286 3014 τῆς
315 2929 416 3014 αὐτῆς
443 2930 670 3014 κατασχούσης
696 2931 775 3006 τοὺς
798 2928 1003 3014 ἀνθρώπους
1026 2926 1151 3011 άπορίας

147 3038 267 3120 μαθὼν
290 3037 379 3121 παρὰ
401 3046 468 3100 τῶν
492 3035 687 3120 αὐτομόλων
707 3035 724 3100 ὁ
744 3037 926 3122 Ίυρρηνός,
952 3034 1004 3100 ὅτι
1022 3033 1151 3118 κάμνου-

218 3199 234 3244 2
253 3192 449 3260 ῦπαιθρίουΟ
469 3207 538 3246 corr.
552 3191 698 3262 Kiessling
753 3199 769 3247 5
788 3193 899 3265 ταχεῖα]
916 3193 1019 3264 βαρεῖα
1033 3208 1054 3246 ο.
1067 3188 1150 3242 Kiess-

148 3259 209 3326 ling
268 3269 300 3314 11
319 3260 539 3332 <αέ>δουμένων
557 3263 605 3315 Bb
661 3271 695 3317 12
715 3263 875 3333 συμμαχικόν
895 3261 1074 3317 0.B1'icheler
1124 3265 1152 3312 15

151 3327 323 3391 ἀξιώσαντας
346 3332 371 3382 Α
462 3339 494 3385 19
518 3332 583 3402 περὶ
607 3334 672 3388 add.
695 3334 718 3386 Β
808 3341 843 3390 20
861 3330 1154 3404 παραπεμφθέντιςδ

151 3395 375 3529 ῗὲέχῗχθςὲίξὲςΒ
456 3409 489 3454 21
509 3403 707 3473 παρακομιδὴν
730 3404 782 3458 AB
819 3405 984 3474 κομιδὴνλδ
1064 3409 1094 3458 26
1110 3399 1155 3454 τύ-
