2394 3912
118 185 184 250 310
529 215 582 282 y—
619 185 638 238 ε
675 215 710 226 -

117 371 214 430 νους,
243 345 299 412 καὶ
327 349 472 424 πολλοὺς
495 346 749 423 ἀποκτείναντες
771 344 977 432 ἀνέστρεψαν
998 347 1041 424 εἰς
1060 348 1113 431 τὴν

117 458 216 521 πόλιν
249 455 387 538 ἄγοντες
417 454 646 538 αἰχμαλώτους
677 453 767 519 πάνυ
795 454 948 538 συχνούς.
990 455 1063 530 τούς
1085 477 1115 519 τε

117 562 200 627 κατὰ
230 561 291 644 τὴν
321 564 420 627 πόλιν
449 561 548 636 ὄντας
570 563 748 643 Σαβίνων,
775 562 812 624 οἳ
834 561 918 624 κατὰ
943 558 1022 637 θέας
1047 565 1115 646 πρό-

117 687 223 753 φασιν
242 667 422 753 ἀφιγμένοι
440 669 759 754 προκαταλήψεσθαι
775 677 847 744 τοῖς
860 665 990 732 ἐπιοῦσι
1002 669 1040 732 τὰ
1052 666 1115 752 έρύ

91 796 203 858 ιματα
226 782 285 857 τῆς
306 777 434 850 πόλεως
456 776 610 858 ἔμελλον,
635 773 745 858 ὥσπερ
769 773 883 850 αὐτοῖς
906 771 1114 856 συνετέτακτο,

118 880 358 964 ἀναζητοῦντες
381 882 428 956 είς
450 881 491 944 τδι
514 881 725 965 δεσμωτήρια
746 883 971 946 κατετίθεντο.
1013 883 1067 958 τδς
1087 877 1115 945 δὲ

118 990 251 1069 θυσίας,
271 978 323 1063 αἷς
342 985 360 1052 ὁ
378 990 523 1071 πόλεμος
541 986 696 1072 ἐμποδὼν
715 984 857 1070 ἐγένετο,
878 989 1050 1066 διπλασίας
1061 997 1116 1052 τῶν

117 1090 290 1179 προτέρων
313 1094 541 1179 ψηφισάμενοι
565 1087 666 1170 αὖθις
688 1093 726 1158 ἐν
749 1093 946 1171 εὐπαθείαις
967 1090 1059 1178 ἦσαν.

174 1195 321 1284 'XXXIL
344 1215 417 1282 Ἔτι
441 1216 478 1284 δὲ
500 1221 785 1304 πανηγυρίζουσιν
802 1219 916 1296 αὐτοῖς
935 1216 1160 1304 πρεσβευταίηιι

51 1351 57 1360 ·
79 1345 105 1384 ιο
117 1333 273 1410 παρῆσαν
297 1325 330 1403 έξ
354 1328 478 1402 ἔθνους
498 1321 700 1410 Ἀρούγκων,
724 1327 761 1390 οἳ
779 1335 838 1409 τῆς
853 1327 1047 1410 Καμπανῶν
1066 1325 1117 1410 χό-

118 1455 179 1516 ρας
205 1431 246 1495 τδ
276 1431 434 1496 κάλλιστα
461 1431 559 1495 πεδία
587 1441 748 1515 κατεῖχον.
795 1425 890 1496 οὗτοι
914 1432 1117 1507 καταστάντες

118 1534 171 1603 ἐπὶ
197 1538 260 1621 τὴν
288 1537 415 1622 βουλὴν
443 1535 560 1621 ἠξίουν
587 1538 649 1621 τὴν
674 1537 902 1604 Οὐολούσκων
924 1548 993 1604 τῶν
1015 1544 1116 1604 καλου

117 1643 228 1727 μένων
244 1639 449 1729 Ἐχετρανῶν
467 1645 590 1730 χώραν,
609 1643 653 1728 ἣν
672 1643 873 1729 ἀφελόμενοι
891 1649 971 1722 τοὺς
987 1643 1115 1730 Ἐχετρα-

117 1752 199 1826 νοὺς
212 1746 367 1834 Ῥωμαῖοι
389 1751 587 1836 κληρούχοις
611 1753 658 1827 είς
681 1751 836 1834 φυλακὴν
858 1759 919 1817 τοῦ
941 1754 1061 1828 ἔθνους
1076 1737 1114 1815 ί-

79 1875 104 1917 15
117 1863 301 1941 πεμφθεῖσι
315 1855 496 1942 διένειμαν,
511 1856 709 1922 ἀποδιδόναι
724 1860 820 1942 σφίσι
834 1855 889 1922 καὶ
903 1857 966 1945 την
981 1857 1113 1944 φρουρὰν

119 1962 303 2048 ἀπαγαγεῖν
327 1963 360 2042 ἐξ
380 1963 496 2048 αὐτῆς·
519 1963 577 2030 ἐὰν
597 1961 635 2029 δὲ
653 1965 697 2050 μὴ
716 1966 912 2048 ποιήσωσιν,
934 1963 1113 2050 Ἀρούγκους

118 2070 257 2153 ἥξοντας
289 2070 342 2137 ἐπὶ
374 2072 436 2155 τὴν
458 2067 629 2156 Ῥωμαίων
661 2071 778 2154 ὀλίγον
805 2073 930 2157 χρόνον
958 2070 1013 2136 καί
1039 2073 1113 2147 δίκας

119 2175 329 2262 ληψομένους
353 2177 442 2243 ὅσων
466 2177 620 2243 διέθεντο
643 2180 722 2255 τοὺς
745 2176 891 2262 ὁμόρους
912 2189 1024 2243 κακῶν
1042 2175 1112 2242 ἑκδέ-
1169 2213 1170 2220 1

83 2288 247 2368 2χεσθαι.
288 2279 441 2368 Ῥωμαῖοι
465 2280 496 2347 δ’
519 2283 632 2360 αὐτοῖς
654 2283 733 2348 τάδε
758 2283 993 2369 ἀπεκρίναντο·
1018 2283 1112 2365 Ἀπαγ-

80 2410 107 2450 νο
120 2389 261 2474 γέλλετε,
286 2385 312 2455 ὦ
336 2389 500 2475 πρέσβεις,
521 2384 723 2474 Ἀρούγκοις,
748 2390 799 2455 ὅτι
816 2389 910 2475 ἡμεῖς
929 2392 966 2456 οί
980 2386 1112 2474 Ῥωμαῖοι

120 2497 314 2581 δικαιοῦμεν
333 2499 395 2563 ὅσα
414 2500 531 2562 κτᾶταί
547 2519 597 2574 τις
610 2497 709 2582 ἀρετῇ
723 2500 902 2581 πολεμίους
914 2497 1111 2583 ’ἀφελόμενος

117 2610 220 2668 ταῦτα
254 2612 325 2680 τοῖς
357 2602 508 2687 ἐγγόνοις
541 2603 585 2680 ὡς
618 2605 723 2669 οίκεῖα
754 2604 988 2689 παραδιδόναι.
1036 2606 1111 2669 πόλι·
1167 2673 1168 2676 ¹

119 2733 183 2794 μον
207 2702 239 2774 δ’
268 2709 309 2774 ού
338 2709 474 2794 δέδιμεν
500 2710 560 2776 τὸν
580 2706 770 2795 Ἀρούγκων
800 2709 876 2774 ούτε
899 2720 1033 2794 πρῶτον
1053 2709 1111 2774 οὔτε

119 2817 313 2881 δεινότατον
350 2815 523 2902 ἐσόμενον·
574 2813 649 2882 ἀλλ’
690 2815 727 2881 έν
764 2817 836 2881 ἔθει
876 2816 958 2901 ἡμῖν
996 2816 1112 2901 ὑπάρχει

78 2941 104 2982 2⁵
118 2932 198 2990 πᾶσι
227 2922 391 3008 μάχεσθαι
419 2921 495 3008 περὶ
521 2931 579 3007 τῆς
605 2922 802 3007 ἡγεμονίας,
831 2920 886 2987 καί
915 2922 1031 3010 ἀρετῆς
1051 2938 1112 2988 συν·

193 3175 226 3221 10
246 3167 273 3220 οἳ
290 3169 351 3236 τῆς]
371 3167 420 3222 καὶ
438 3167 488 3222 ΒΟ
545 3173 576 3222 18
596 3167 770 3223 διέθεντοΒ
806 3165 948 3238 διέθηκαν
968 3185 991 3225 ο.
1010 3165 1111 3234 ReiskeJ

121 3232 290 3304 ἐκδέχεσθαι
313 3237 378 3292 add.
403 3237 477 3305 (ἕως
549 3243 583 3292 23
606 3239 656 3294 τδν
676 3237 752 3309 Ἀρού
772 3258 829 3293 κων
853 3241 875 3292 Β
910 3247 966 3295 τῶν
983 3238 1111 3310 Ἀρούγκων

122 3303 148 3353 R
163 3307 168 3370 Ι
184 3305 279 3358 δεινὸν
297 3305 320 3356 Β
366 3311 399 3359 25
418 3307 582 3376 *μάχεσθαι
599 3308 664 3379 περὶ
682 3317 731 3377 τῆς
748 3259 901 3379 δγεμονίας
919 3311 968 3365 καί
987 3312 1077 3380 ἀρετῆς
1091 3304 1111 3362 ίν
1164 3329 1165 3352 ι

123 3371 270 3441 ἀγωνιομῷ
292 3393 322 3428 τε
346 3371 479 3444 ἐσόμενον
498 3377 521 3430 Ο
558 3397 584 3446 μ.
605 3397 676 3459 π,.τ,
696 3379 860 3448 ἡγεμονίας·
883 3381 933 3435 καί
951 3383 1049 3469 ἀρετῆς
1064 3376 1111 3434 ένα-

124 3438 249 3505 γόνισμα
272 3444 378 3504 τελείας
401 3441 535 3514 ἐσόμενον
559 3464 582 3502 ο.
601 3449 705 3502 Re1ske
742 3448 902 3520 ἀγόνιομόν
925 3471 969 3507 τιν
1003 3448 1111 3521 ἐσόμενον
