2400 3912
448 241 612 290 -Ε-
976 228 1039 294 16ῖ

43 405 153 467 ὕπατον
180 401 320 487 αἱρεῖται
348 402 501 485 Σπόριον
524 400 751 484 Λουκρήτιον,
780 396 817 473 ὃς
846 393 887 459 οὐ
917 394 1041 470 πολλὰς

43 507 148 593 ἡμέρας
173 509 233 592 τήν
260 507 367 593 ἀρχήν
390 506 564 591 κατασχὼν
588 505 803 589 ἀποθνήσκει.
850 503 898 578 είς
921 497 958 566 δὲ
980 500 1041 566 τὸν

43 616 154 680 ἐκείνου
185 617 290 680 τόπον
321 615 501 696 καθίστησι
529 613 673 698 Μάρκον
694 607 862 697 Ὁράτιον,
894 603 951 672 καὶ
978 607 1041 690 τήν

22 721 134 786 ιοοίιιίαυ
154 719 217 784 άπὸ
236 729 298 784 τοῦ
316 721 427 803 λόφου
446 720 656 802 μετατίθεται
674 717 772 798 κάτω,
796 709 841 780 ἵν’
863 713 949 797 ἐξείη
963 709 1039 778 Ῥω·

43 829 144 909 μαίοις,
163 826 207 903 όις
226 825 326 904 αὐτὸς
345 824 567 908 ἐκκλησιάζων
586 826 662 908 ἔφη,
681 823 818 906 βάλλειν
837 821 940 887 αὐτὸν
954 822 1067 886 ἄνω-ο

42 939 92 996 θεν
119 931 180 998 άπὸ
210 941 272 999 τοῦ
300 933 468 1019 μετεώρου
496 942 566 1008 τοῖς
593 934 719 1013 λίθοις,
750 929 808 996 ἐάν
835 951 868 993 τι
890 928 1039 1012 λάβωσιν

42 1038 211 1105 ἀδικοῦντα.
259 1043 398 1125 βεβαίαν
429 1063 465 1106 τε
497 1041 609 1104 πίστιν
642 1034 726 1123 ὑπὲρ
757 1043 816 1120 τῆς
846 1034 1074 1120 έλευθερίας3

40 1148 103 1222 τοὺς
129 1146 329 1230 δημοτικοὺς
356 1149 474 1231 λαβεῖν
496 1146 702 1230 βουλόμενος
724 1142 861 1227 άφεῖλεν
884 1141 949 1206 άπὸ
971 1151 1040 1207 τῶν

41 1251 158 1336 ῥάβδων
179 1255 261 1330 τοὺς
283 1251 440 1336 πελέκεις,
463 1251 520 1318 καὶ
537 1253 757 1335 κατεστήσατο
776 1260 847 1326 τοῖς
866 1245 943 1333 μεθ’
965 1247 1039 1314 ἑαυ-

40 1358 86 1422 τὸν
105 1359 242 1436 ὑπάτοις
266 1362 356 1442 ἐθος,
380 1358 398 1424 δ
421 1357 476 1424 καί
500 1357 594 1445 μέχρι
612 1366 670 1442 τῆς
689 1357 767 1441 ἐμῆς
786 1354 951 1439 διέμεινεν
970 1355 1039 1439 ήλι-
1054 1375 1080 1414 10

39 1465 107 1547 κίας,
131 1465 211 1530 όταν
237 1463 364 1544 ἔξωθεν
384 1473 443 1550 τῆς
466 1468 593 1542 πόλεως
615 1463 778 1548 γένωνται
801 1468 947 1549 χρῆσθαι
970 1471 1040 1537 τοῖς

40 1568 206 1655 πελέκεσιν,
237 1573 339 1638 ἔνδον
367 1569 404 1638 δὲ
431 1582 503 1650 ταῖς
526 1572 665 1658 βάβδοις
686 1576 886 1654 κοσμεῖσθαι
909 1569 1040 1654 μόναις·

40 1677 145 1758 νόμους
170 1702 206 1744 τε
231 1679 576 1765 φιλανθρωποτάτους
596 1681 696 1744 ἐθετο
720 1678 880 1762 βοηθείας
903 1677 1074 1761 ἐχοντας4

39 1792 94 1857 τοῖς
123 1785 328 1870 δημοτικοῖς
366 1784 425 1850 ἕνα
455 1784 531 1869 μέν,
564 1784 600 1850 ἐν
631 1775 657 1872 ᾧ
687 1785 872 1870 διαρρήδην
901 1781 1039 1847 ἀπεῖπεν

39 1887 163 1972 ἄρχοντα
192 1890 324 1978 μηδένα
352 1887 438 1957 είναι
457 1887 643 1976 Ῥωμαίων,
673 1891 709 1969 ὃς
733 1889 774 1956 άν
798 1891 841 1974 μή
864 1891 954 1976 παρὰ
976 1893 1038 1955 τόῦ
1053 1909 1079 1951 15

40 1995 130 2079 δήμου
152 1999 240 2085 λάβη
264 2000 326 2083 τήν
349 1999 469 2085 ἀρχήν,
497 1998 649 2064 θάνατον
672 1994 800 2073 ἐπιθεὶς
823 1999 956 2081 ζημίαν,
980 1996 1039 2062 ἐάν

38 2125 76 2179 τις
99 2108 186 2192 παρὰ
213 2114 319 2172 ταῦτα
345 2114 440 2191 ποιή,
473 2103 529 2171 καλ
555 2105 616 2170 τὸν
644 2103 884 2170 ἀποκτείναντα
910 2104 1039 2170 τούτων

39 2212 99 2274 τινὰ
119 2224 227 2280 ποιῶν
251 2212 383 2301 ἀθῷον·
419 2212 534 2298 ἕτερον
559 2210 604 2295 δ’,
629 2211 666 2277 ἐν
690 2202 716 2300 ᾧ
740 2211 935 2296 γέγραπται,
960 2207 1039 2275 Ἐάν

38 2337 76 2391 τις
100 2319 209 2404 άρχων
229 2315 400 2404 Ῥωμαίων
426 2320 501 2384 τινὰ
533 2319 740 2386 ἀποκτείνειν
767 2317 788 2402 ή
811 2327 995 2403 μαστιγοῦν
1017 2316 1037 2400 ή

19 2424 160 2506 λίζημιοῦν
187 2427 237 2502 είς
264 2429 413 2513 χρήματα
435 2426 536 2513 θέλη,
563 2426 686 2505 ’ἐξεῖναι
707 2433 754 2514 τῷ
779 2426 893 2512 ίδιόιτη
916 2443 1079 2510 πρόκα-το

39 2531 154 2596 λεῖσθαι
177 2533 241 2616 τὴν
264 2531 371 2618 άρχήν
394 2530 448 2598 ἐπὶ
464 2535 527 2618 τήν
544 2542 606 2598 τοῦ
625 2534 734 2617 δήμου
753 2533 876 2618 κρίσιν,
898 2532 1038 2617 πάσχειν

39 2629 62 2696 δ’
81 2635 113 2701 ἐν
133 2645 179 2726 τῷ
206 2638 328 2723 μεταξὺ
351 2642 461 2727 χρόνῳ
485 2637 590 2725 μηδὲν
613 2639 759 2724 ὑπὸτῆς
782 2638 892 2725 ἀρχῆς,
916 2637 978 2718 ἕως
997 2637 1039 2706 δν

39 2738 52 2802 ὁ
75 2743 173 2829 δῆμος
205 2742 290 2830 ὑπὲρ
319 2746 424 2812 αὐτοῦ
451 2749 646 2832 ψηφίσηται.
692 2744 728 2812 ἐκ
755 2748 883 2812 τούτων
910 2747 1073 2831 νίνεταιῑι

39 2856 93 2912 τῶν
110 2852 360 2938 πολιτευμάτων
377 2855 486 2937 τίμιος
503 2864 573 2931 τοῖς
592 2855 793 2938 δημοτικοῖς,
816 2851 871 2918 καί
888 2855 1038 2919 τίθενται

41 2953 113 3041 αὐτῷ
137 2957 329 3043 ἐπωνύμιον
353 2961 582 3025 Ποπλικόλαν·
618 2969 718 3024 τοῦτο
740 2960 822 3024 κατὰ
844 2961 906 3044 τήν
924 2955 1039 3042 Ἑλλή-
1053 2975 1080 3015 25

39 3081 97 3124 νων
118 3064 291 3131 διάλεκτον
310 3067 465 3150 βούλεται
485 3067 611 3152 δηλοῦν
630 3067 810 3152 δημοκηδῆ.
847 3064 903 3131 καὶ
920 3067 961 3130 τὰ
979 3062 1041 3151 μὲν

100 3222 186 3276 όὺττδ
204 3221 252 3276 Ba
288 3223 345 3278 άπδ
365 3222 441 3276 ABb
479 3222 594 3279 ἄνωθεν
616 3223 664 3278 vel
681 3223 738 3278 άπὸ
756 3231 806 3278 τοῦ
846 3223 965 3292 ετεόιρου
984 3222 1040 3278 del.

41 3285 128 3372 (βάττον
145 3293 257 3375 Οἰνεφ,
273 3300 307 3374 ay
374 3301 405 3348 12
425 3299 554 3364 κοσμεῖεν
573 3292 705 3364 μόνωςΒ
756 3300 801 3378 ’13
821 3243 949 3419 gamag?
969 3314 1042 3364 παρ-

42 3375 141 3425 εχοντας
155 3379 178 3417 ο,
188 3363 333 3434 K1esslmg
360 3363 482 3436 ἄγοντας
495 3381 517 3421 ο.
529 3363 650 3420 Grasber
671 3383 701 3420 er
710 3365 876 3436 Phssologus
891 3367 911 3419 t.
948 3365 1041 3419 XVIII

42 3430 120 3501 (1869)
137 3451 164 3504 p.
180 3440 230 3492 552
324 3443 356 3491 19
371 3434 507 3506 Ῥωμαῖόν
526 3455 590 3490 τινα
609 3452 632 3490 ο.
650 3383 740 3491 {obet
760 3437 826 3492 Obs.
845 3455 873 3506 p.
889 3441 923 3491 98
944 3436 948 3508 Ι
968 3435 1042 3506 ήμᾰς

41 3511 123 3568 τηοῦν
140 3505 185 3561 Ba
257 3513 292 3562 24
310 3509 440 3562 τίθενται
457 3507 479 3560 Β
