<?xml version="1.0" encoding="UTF-8"?>
<!DOCTYPE html PUBLIC "-//W3C//DTD XHTML 1.0 Transitional//EN"
    "http://www.w3.org/TR/xhtml1/DTD/xhtml1-transitional.dtd">
<html xmlns="http://www.w3.org/1999/xhtml" xml:lang="en" lang="en">
 <head>
  <title>
</title>
<meta http-equiv="Content-Type" content="text/html;charset=utf-8" />
  <meta name='ocr-system' content='tesseract 3.04.00' />
  <meta name='ocr-capabilities' content='ocr_page ocr_carea ocr_par ocr_line ocrx_word'/>
</head>
<body>
  <div class='ocr_page' id='page_1' title='image "./antiquitatumrom01jacogoog_0092.png"; bbox 0 0 2400 3912; ppageno 0'>
   <div class='ocr_carea' id='block_1_1' title="bbox 471 178 1063 294">
    <p class='ocr_par' dir='ltr' id='par_1_1' title="bbox 471 178 1063 294">
     <span class='ocr_line' id='line_1_1' title="bbox 471 178 1063 294; baseline 0 0"><span class='ocrx_word' id='word_1_1' title='bbox 471 232 636 282; x_wconf 77' lang='grc' dir='ltr'><strong><em>-Δ-</em></strong></span> <span class='ocrx_word' id='word_1_2' title='bbox 954 178 1063 294; x_wconf 78' lang='lat'><strong><em>¹81</em></strong></span> 
     </span>
    </p>
   </div>
   <div class='ocr_carea' id='block_1_2' title="bbox 17 389 1104 3246">
    <p class='ocr_par' dir='ltr' id='par_1_2' title="bbox 17 389 1104 3245">
     <span class='ocr_line' id='line_1_2' title="bbox 58 389 1063 479; baseline 0 -23"><span class='ocrx_word' id='word_1_3' title='bbox 58 394 169 475; x_wconf 88' lang='grc' dir='ltr'><strong><em>λόγους</em></strong></span> <span class='ocrx_word' id='word_1_4' title='bbox 192 391 237 468; x_wconf 81' lang='grc' dir='ltr'><strong><em>ὡς</em></strong></span> <span class='ocrx_word' id='word_1_5' title='bbox 258 393 341 456; x_wconf 80' lang='grc' dir='ltr'><strong><em>κατὰ</em></strong></span> <span class='ocrx_word' id='word_1_6' title='bbox 362 392 401 457; x_wconf 82' lang='grc' dir='ltr'><strong><em>τὸ</em></strong></span> <span class='ocrx_word' id='word_1_7' title='bbox 421 393 553 458; x_wconf 88' lang='grc' dir='ltr'><strong><em>δίκαιον</em></strong></span> <span class='ocrx_word' id='word_1_8' title='bbox 572 390 662 479; x_wconf 74' lang='grc' dir='ltr'><strong><em>αὑτῷ</em></strong></span> <span class='ocrx_word' id='word_1_9' title='bbox 680 391 925 476; x_wconf 81' lang='grc' dir='ltr'><strong><em>προσηκούσης,</em></strong></span> <span class='ocrx_word' id='word_1_10' title='bbox 949 389 1063 476; x_wconf 76' lang='grc' dir='ltr'><strong><em>ἐπειδὴ</em></strong></span> 
     </span>
     <span class='ocr_line' id='line_1_3' title="bbox 61 495 1064 587; baseline 0.001 -25"><span class='ocrx_word' id='word_1_11' title='bbox 61 497 236 584; x_wconf 88' lang='grc' dir='ltr'><strong><em>Ταρκύνιος</em></strong></span> <span class='ocrx_word' id='word_1_12' title='bbox 266 497 371 582; x_wconf 84' lang='grc' dir='ltr'><strong><em>αὐτήν</em></strong></span> <span class='ocrx_word' id='word_1_13' title='bbox 403 495 561 584; x_wconf 75' lang='grc' dir='ltr'><strong><em>κατέσχεν</em></strong></span> <span class='ocrx_word' id='word_1_14' title='bbox 594 498 612 564; x_wconf 88' lang='grc' dir='ltr'>ὁ</span> <span class='ocrx_word' id='word_1_15' title='bbox 640 498 773 576; x_wconf 78' lang='grc' dir='ltr'><strong><em>πάππος</em></strong></span> <span class='ocrx_word' id='word_1_16' title='bbox 799 497 905 564; x_wconf 79' lang='grc' dir='ltr'><strong><em>αὐτοῦ</em></strong></span> <span class='ocrx_word' id='word_1_17' title='bbox 931 495 1064 587; x_wconf 75' lang='grc' dir='ltr'><strong><em>πολέμῳ</em></strong></span> 
     </span>
     <span class='ocr_line' id='line_1_4' title="bbox 57 602 1065 693; baseline 0.002 -25"><span class='ocrx_word' id='word_1_18' title='bbox 57 605 260 688; x_wconf 77' lang='grc' dir='ltr'><strong><em>κτησάμενος,</em></strong></span> <span class='ocrx_word' id='word_1_19' title='bbox 279 602 334 671; x_wconf 84' lang='grc' dir='ltr'><strong><em>καὶ</em></strong></span> <span class='ocrx_word' id='word_1_20' title='bbox 352 608 410 684; x_wconf 83' lang='grc' dir='ltr'><strong><em>τὰς</em></strong></span> <span class='ocrx_word' id='word_1_21' title='bbox 429 607 601 690; x_wconf 89' lang='grc' dir='ltr'><strong><em>συνθήκας</em></strong></span> <span class='ocrx_word' id='word_1_22' title='bbox 618 607 792 693; x_wconf 87' lang='grc' dir='ltr'><strong><em>παρείχετο</em></strong></span> <span class='ocrx_word' id='word_1_23' title='bbox 810 607 869 683; x_wconf 78' lang='grc' dir='ltr'><strong><em>τὰς</em></strong></span> <span class='ocrx_word' id='word_1_24' title='bbox 882 603 1065 689; x_wconf 80' lang='grc' dir='ltr'><strong><em>γενομένας</em></strong></span> 
     </span>
     <span class='ocr_line' id='line_1_5' title="bbox 56 708 1100 798; baseline 0.001 -23"><span class='ocrx_word' id='word_1_25' title='bbox 56 722 117 788; x_wconf 87' lang='grc' dir='ltr'><strong><em>ταῖς</em></strong></span> <span class='ocrx_word' id='word_1_26' title='bbox 143 713 261 776; x_wconf 85' lang='grc' dir='ltr'><strong><em>πόλεσι</em></strong></span> <span class='ocrx_word' id='word_1_27' title='bbox 287 712 371 798; x_wconf 85' lang='grc' dir='ltr'><strong><em>πρὸς</em></strong></span> <span class='ocrx_word' id='word_1_28' title='bbox 393 711 532 779; x_wconf 83' lang='grc' dir='ltr'><strong><em>ἐκεῖνον.</em></strong></span> <span class='ocrx_word' id='word_1_29' title='bbox 577 715 686 780; x_wconf 80' lang='grc' dir='ltr'><strong><em>πολὺν</em></strong></span> <span class='ocrx_word' id='word_1_30' title='bbox 710 708 747 778; x_wconf 72' lang='grc' dir='ltr'><strong><em>δὲ</em></strong></span> <span class='ocrx_word' id='word_1_31' title='bbox 770 715 872 796; x_wconf 89' lang='grc' dir='ltr'><strong><em>λόγον</em></strong></span> <span class='ocrx_word' id='word_1_32' title='bbox 895 708 980 796; x_wconf 71' lang='grc' dir='ltr'><strong><em>ὑπέρ</em></strong></span> <span class='ocrx_word' id='word_1_33' title='bbox 1002 711 1100 777; x_wconf 79' lang='grc' dir='ltr'><strong><em>τοῢ2</em></strong></span> 
     </span>
     <span class='ocr_line' id='line_1_6' title="bbox 57 815 1091 904; baseline 0.001 -23"><span class='ocrx_word' id='word_1_34' title='bbox 57 817 180 883; x_wconf 90' lang='grc' dir='ltr'><strong><em>δικαίου</em></strong></span> <span class='ocrx_word' id='word_1_35' title='bbox 202 815 259 883; x_wconf 82' lang='grc' dir='ltr'><strong><em>καὶ</em></strong></span> <span class='ocrx_word' id='word_1_36' title='bbox 280 828 348 884; x_wconf 81' lang='grc' dir='ltr'><strong><em>τῶν</em></strong></span> <span class='ocrx_word' id='word_1_37' title='bbox 371 818 560 904; x_wconf 77' lang='grc' dir='ltr'><strong><em>ὁμολογιῶν</em></strong></span> <span class='ocrx_word' id='word_1_38' title='bbox 583 819 767 898; x_wconf 83' lang='grc' dir='ltr'><strong><em>διεξελθὼν</em></strong></span> <span class='ocrx_word' id='word_1_39' title='bbox 788 815 844 883; x_wconf 80' lang='grc' dir='ltr'><strong><em>καὶ</em></strong></span> <span class='ocrx_word' id='word_1_40' title='bbox 862 818 988 902; x_wconf 83' lang='grc' dir='ltr'><strong><em>μεγάλοι</em></strong></span> <span class='ocrx_word' id='word_1_41' title='bbox 1005 818 1091 894; x_wconf 70' lang='grc' dir='ltr'><strong><em>τδςο</em></strong></span> 
     </span>
     <span class='ocr_line' id='line_1_7' title="bbox 55 923 1064 1011; baseline 0 -23"><span class='ocrx_word' id='word_1_42' title='bbox 55 925 158 1002; x_wconf 85' lang='grc' dir='ltr'><strong><em>πόλεις</em></strong></span> <span class='ocrx_word' id='word_1_43' title='bbox 175 923 405 1011; x_wconf 75' lang='grc' dir='ltr'><strong><em>εὐεργετήσειν</em></strong></span> <span class='ocrx_word' id='word_1_44' title='bbox 423 926 662 1011; x_wconf 82' lang='grc' dir='ltr'><strong><em>ὑποσχόμενος,</em></strong></span> <span class='ocrx_word' id='word_1_45' title='bbox 686 924 746 992; x_wconf 80' lang='grc' dir='ltr'><strong><em>ἐὰν</em></strong></span> <span class='ocrx_word' id='word_1_46' title='bbox 763 924 801 991; x_wconf 81' lang='grc' dir='ltr'><strong><em>ἐν</em></strong></span> <span class='ocrx_word' id='word_1_47' title='bbox 818 932 858 1010; x_wconf 77' lang='grc' dir='ltr'><strong><em>τῇ</em></strong></span> <span class='ocrx_word' id='word_1_48' title='bbox 876 925 973 1010; x_wconf 84' lang='grc' dir='ltr'><strong><em>φιλίᾳ</em></strong></span> <span class='ocrx_word' id='word_1_49' title='bbox 992 924 1064 988; x_wconf 91' lang='grc' dir='ltr'><strong><em>δια-</em></strong></span> 
     </span>
     <span class='ocr_line' id='line_1_8' title="bbox 55 1013 1064 1114; baseline 0 -19"><span class='ocrx_word' id='word_1_50' title='bbox 55 1013 199 1114; x_wconf 70' lang='grc' dir='ltr'><strong><em>μείνωᾶι,</em></strong></span> <span class='ocrx_word' id='word_1_51' title='bbox 232 1036 395 1098; x_wconf 75' lang='grc' dir='ltr'><strong><em>τελευτῶν</em></strong></span> <span class='ocrx_word' id='word_1_52' title='bbox 427 1035 563 1099; x_wconf 79' lang='grc' dir='ltr'><strong><em>ἔπειθεν</em></strong></span> <span class='ocrx_word' id='word_1_53' title='bbox 595 1033 719 1110; x_wconf 86' lang='grc' dir='ltr'><strong><em>αὐτούς</em></strong></span> <span class='ocrx_word' id='word_1_54' title='bbox 750 1029 803 1098; x_wconf 80' lang='grc' dir='ltr'><strong><em>ἐπὶ</em></strong></span> <span class='ocrx_word' id='word_1_55' title='bbox 835 1033 874 1096; x_wconf 89' lang='grc' dir='ltr'><strong><em>τὸ</em></strong></span> <span class='ocrx_word' id='word_1_56' title='bbox 903 1032 1064 1113; x_wconf 79' lang='grc' dir='ltr'><strong><em>Σαβίνων</em></strong></span> 
     </span>
     <span class='ocr_line' id='line_1_9' title="bbox 55 1133 1100 1225; baseline 0 -24"><span class='ocrx_word' id='word_1_57' title='bbox 55 1138 149 1214; x_wconf 82' lang='grc' dir='ltr'><strong><em>ἔθνος</em></strong></span> <span class='ocrx_word' id='word_1_58' title='bbox 167 1140 412 1225; x_wconf 87' lang='grc' dir='ltr'><strong><em>συστρατεύειν.</em></strong></span> <span class='ocrx_word' id='word_1_59' title='bbox 449 1140 494 1217; x_wconf 80' lang='grc' dir='ltr'><strong><em>ὡς</em></strong></span> <span class='ocrx_word' id='word_1_60' title='bbox 513 1133 543 1204; x_wconf 90' lang='grc' dir='ltr'><strong><em>δ’</em></strong></span> <span class='ocrx_word' id='word_1_61' title='bbox 561 1138 727 1205; x_wconf 79' lang='grc' dir='ltr'><strong><em>ἐπαύσατο</em></strong></span> <span class='ocrx_word' id='word_1_62' title='bbox 746 1136 865 1223; x_wconf 92' lang='grc' dir='ltr'><strong><em>λέγων,</em></strong></span> <span class='ocrx_word' id='word_1_63' title='bbox 883 1136 1063 1224; x_wconf 86' lang='grc' dir='ltr'><strong><em>παρελθὼν</em></strong></span> <span class='ocrx_word' id='word_1_64' title='bbox 1078 1137 1100 1202; x_wconf 85' lang='grc'><strong>3</strong></span> 
     </span>
     <span class='ocr_line' id='line_1_10' title="bbox 55 1241 1064 1331; baseline 0.002 -25"><span class='ocrx_word' id='word_1_65' title='bbox 55 1241 71 1306; x_wconf 84' lang='grc' dir='ltr'>ὁ</span> <span class='ocrx_word' id='word_1_66' title='bbox 94 1244 223 1329; x_wconf 78' lang='grc' dir='ltr'><strong><em>Τύρνος</em></strong></span> <span class='ocrx_word' id='word_1_67' title='bbox 246 1244 264 1310; x_wconf 89' lang='grc' dir='ltr'>ὁ</span> <span class='ocrx_word' id='word_1_68' title='bbox 287 1243 425 1311; x_wconf 83' lang='grc' dir='ltr'><strong><em>καὶτὸν</em></strong></span> <span class='ocrx_word' id='word_1_69' title='bbox 448 1245 593 1331; x_wconf 81' lang='grc' dir='ltr'><strong><em>ὀψισμὸν</em></strong></span> <span class='ocrx_word' id='word_1_70' title='bbox 617 1245 721 1312; x_wconf 88' lang='grc' dir='ltr'><strong><em>αύτού</em></strong></span> <span class='ocrx_word' id='word_1_71' title='bbox 742 1245 912 1329; x_wconf 82' lang='grc' dir='ltr'><strong><em>διαβαλὼν</em></strong></span> <span class='ocrx_word' id='word_1_72' title='bbox 931 1243 994 1309; x_wconf 82' lang='grc' dir='ltr'><strong><em>οὐκ</em></strong></span> <span class='ocrx_word' id='word_1_73' title='bbox 1012 1249 1064 1309; x_wconf 88' lang='grc' dir='ltr'><strong><em>εία</em></strong></span> 
     </span>
     <span class='ocr_line' id='line_1_11' title="bbox 53 1348 1104 1440; baseline -0.004 -28"><span class='ocrx_word' id='word_1_74' title='bbox 53 1350 124 1427; x_wconf 83' lang='grc' dir='ltr'><strong><em>τοὺς</em></strong></span> <span class='ocrx_word' id='word_1_75' title='bbox 151 1348 338 1434; x_wconf 76' lang='grc' dir='ltr'><strong><em>συνέδρους</em></strong></span> <span class='ocrx_word' id='word_1_76' title='bbox 364 1361 575 1438; x_wconf 73' lang='grc' dir='ltr'><strong><em>παραχωρεῖν</em></strong></span> <span class='ocrx_word' id='word_1_77' title='bbox 598 1359 644 1440; x_wconf 73' lang='grc' dir='ltr'><strong><em>τῷ</em></strong></span> <span class='ocrx_word' id='word_1_78' title='bbox 668 1349 768 1438; x_wconf 78' lang='grc' dir='ltr'><strong><em>ἀνδρί</em></strong></span> <span class='ocrx_word' id='word_1_79' title='bbox 791 1359 849 1434; x_wconf 78' lang='grc' dir='ltr'><strong><em>τῆς</em></strong></span> <span class='ocrx_word' id='word_1_80' title='bbox 871 1349 988 1436; x_wconf 76' lang='grc' dir='ltr'><strong><em>ἀρχῆς,</em></strong></span> <span class='ocrx_word' id='word_1_81' title='bbox 1008 1350 1063 1428; x_wconf 69' lang='grc' dir='ltr'><strong><em>ὡς</em></strong></span> <span class='ocrx_word' id='word_1_82' title='bbox 1077 1369 1104 1408; x_wconf 84' lang='grc' dir='ltr'><strong><em>ιο</em></strong></span> 
     </span>
     <span class='ocr_line' id='line_1_12' title="bbox 55 1452 1062 1546; baseline 0.001 -28"><span class='ocrx_word' id='word_1_83' title='bbox 55 1455 123 1523; x_wconf 78' lang='grc' dir='ltr'><strong><em>οὔτε</em></strong></span> <span class='ocrx_word' id='word_1_84' title='bbox 149 1458 232 1522; x_wconf 81' lang='grc' dir='ltr'><strong><em>κατὰ</em></strong></span> <span class='ocrx_word' id='word_1_85' title='bbox 256 1459 293 1522; x_wconf 90' lang='grc' dir='ltr'><strong><em>τὸ</em></strong></span> <span class='ocrx_word' id='word_1_86' title='bbox 317 1458 450 1524; x_wconf 86' lang='grc' dir='ltr'><strong><em>δίκαιον</em></strong></span> <span class='ocrx_word' id='word_1_87' title='bbox 472 1458 562 1546; x_wconf 74' lang='grc' dir='ltr'><strong><em>αὐτῷ</em></strong></span> <span class='ocrx_word' id='word_1_88' title='bbox 585 1458 823 1544; x_wconf 78' lang='grc' dir='ltr'><strong><em>προσηκούσης</em></strong></span> <span class='ocrx_word' id='word_1_89' title='bbox 846 1453 917 1522; x_wconf 76' lang='grc' dir='ltr'><strong><em>οὔτ’</em></strong></span> <span class='ocrx_word' id='word_1_90' title='bbox 940 1452 992 1520; x_wconf 78' lang='grc' dir='ltr'><strong><em>ἐπὶ</em></strong></span> <span class='ocrx_word' id='word_1_91' title='bbox 1016 1464 1062 1543; x_wconf 73' lang='grc' dir='ltr'><strong><em>τῷ</em></strong></span> 
     </span>
     <span class='ocr_line' id='line_1_13' title="bbox 55 1559 1063 1649; baseline 0 -24"><span class='ocrx_word' id='word_1_92' title='bbox 55 1562 251 1649; x_wconf 84' lang='grc' dir='ltr'><strong><em>συμφέροντι</em></strong></span> <span class='ocrx_word' id='word_1_93' title='bbox 278 1574 346 1629; x_wconf 79' lang='grc' dir='ltr'><strong><em>τῶν</em></strong></span> <span class='ocrx_word' id='word_1_94' title='bbox 375 1567 533 1630; x_wconf 84' lang='grc' dir='ltr'><strong><em>Λατίνων</em></strong></span> <span class='ocrx_word' id='word_1_95' title='bbox 560 1562 807 1649; x_wconf 72' lang='grc' dir='ltr'><strong><em>δοθησομένης·</em></strong></span> <span class='ocrx_word' id='word_1_96' title='bbox 839 1559 895 1629; x_wconf 82' lang='grc' dir='ltr'><strong><em>καὶ</em></strong></span> <span class='ocrx_word' id='word_1_97' title='bbox 917 1564 1063 1639; x_wconf 86' lang='grc' dir='ltr'><strong><em>πολλοὺς</em></strong></span> 
     </span>
     <span class='ocr_line' id='line_1_14' title="bbox 54 1664 1062 1756; baseline 0.003 -26"><span class='ocrx_word' id='word_1_98' title='bbox 54 1664 128 1754; x_wconf 69' lang='grc' dir='ltr'><strong><em>ὑπὲρ</em></strong></span> <span class='ocrx_word' id='word_1_99' title='bbox 156 1668 356 1755; x_wconf 82' lang='grc' dir='ltr'><strong><em>ἀμφοτέρων</em></strong></span> <span class='ocrx_word' id='word_1_100' title='bbox 384 1670 537 1756; x_wconf 80' lang='grc' dir='ltr'><strong><em>διεξῆλθε</em></strong></span> <span class='ocrx_word' id='word_1_101' title='bbox 565 1674 689 1755; x_wconf 88' lang='grc' dir='ltr'><strong><em>λόγους</em></strong></span> <span class='ocrx_word' id='word_1_102' title='bbox 712 1673 771 1749; x_wconf 79' lang='grc' dir='ltr'><strong><em>τὰς</em></strong></span> <span class='ocrx_word' id='word_1_103' title='bbox 793 1667 854 1755; x_wconf 72' lang='grc' dir='ltr'><strong><em>μὲν</em></strong></span> <span class='ocrx_word' id='word_1_104' title='bbox 877 1670 1062 1751; x_wconf 87' lang='grc' dir='ltr'><strong><em>συνθήκας,</em></strong></span> 
     </span>
     <span class='ocr_line' id='line_1_15' title="bbox 55 1771 1063 1864; baseline 0.002 -27"><span class='ocrx_word' id='word_1_105' title='bbox 55 1771 87 1850; x_wconf 81' lang='grc' dir='ltr'><strong><em>ἃς</em></strong></span> <span class='ocrx_word' id='word_1_106' title='bbox 112 1773 308 1860; x_wconf 80' lang='grc' dir='ltr'><strong><em>ἐποιήσαντο</em></strong></span> <span class='ocrx_word' id='word_1_107' title='bbox 336 1780 420 1864; x_wconf 85' lang='grc' dir='ltr'><strong><em>πρὸς</em></strong></span> <span class='ocrx_word' id='word_1_108' title='bbox 446 1779 506 1842; x_wconf 89' lang='grc' dir='ltr'><strong><em>τὸν</em></strong></span> <span class='ocrx_word' id='word_1_109' title='bbox 532 1778 668 1844; x_wconf 81' lang='grc' dir='ltr'><strong><em>πάππον</em></strong></span> <span class='ocrx_word' id='word_1_110' title='bbox 693 1777 798 1843; x_wconf 85' lang='grc' dir='ltr'><strong><em>αὐτού</em></strong></span> <span class='ocrx_word' id='word_1_111' title='bbox 821 1775 1063 1863; x_wconf 88' lang='grc' dir='ltr'><strong><em>παραδιδόντες</em></strong></span> 
     </span>
     <span class='ocr_line' id='line_1_16' title="bbox 54 1880 1102 1970; baseline 0.001 -24"><span class='ocrx_word' id='word_1_112' title='bbox 54 1880 107 1962; x_wconf 84' lang='grc' dir='ltr'><strong><em>τήν</em></strong></span> <span class='ocrx_word' id='word_1_113' title='bbox 128 1881 320 1966; x_wconf 82' lang='grc' dir='ltr'><strong><em>ἡγεμονίαν,</em></strong></span> <span class='ocrx_word' id='word_1_114' title='bbox 345 1885 509 1950; x_wconf 88' lang='grc' dir='ltr'><strong><em>λελύσθαι</em></strong></span> <span class='ocrx_word' id='word_1_115' title='bbox 532 1882 641 1968; x_wconf 92' lang='grc' dir='ltr'><strong><em>λέγων</em></strong></span> <span class='ocrx_word' id='word_1_116' title='bbox 663 1885 744 1970; x_wconf 75' lang='grc' dir='ltr'><strong><em>μετὰ</em></strong></span> <span class='ocrx_word' id='word_1_117' title='bbox 769 1885 829 1950; x_wconf 87' lang='grc' dir='ltr'><strong><em>τὸυ</em></strong></span> <span class='ocrx_word' id='word_1_118' title='bbox 848 1883 980 1949; x_wconf 79' lang='grc' dir='ltr'><strong><em>ἐκείνου</em></strong></span> <span class='ocrx_word' id='word_1_119' title='bbox 998 1883 1102 1948; x_wconf 66' lang='lat' dir='ltr'>&amp;oi-15</span> 
     </span>
     <span class='ocr_line' id='line_1_17' title="bbox 17 1989 1062 2078; baseline 0.007 -32"><span class='ocrx_word' id='word_1_120' title='bbox 17 1995 147 2053; x_wconf 76' lang='grc' dir='ltr'><strong><em>λοῖνατον</em></strong></span> <span class='ocrx_word' id='word_1_121' title='bbox 174 1989 231 2054; x_wconf 80' lang='grc' dir='ltr'><strong><em>διὰ</em></strong></span> <span class='ocrx_word' id='word_1_122' title='bbox 258 1992 296 2055; x_wconf 84' lang='grc' dir='ltr'><strong><em>τὸ</em></strong></span> <span class='ocrx_word' id='word_1_123' title='bbox 320 1992 364 2075; x_wconf 84' lang='grc' dir='ltr'><strong><em>μή</em></strong></span> <span class='ocrx_word' id='word_1_124' title='bbox 387 1992 667 2078; x_wconf 79' lang='grc' dir='ltr'><strong><em>προσγεγράφθαι</em></strong></span> <span class='ocrx_word' id='word_1_125' title='bbox 690 2002 762 2070; x_wconf 87' lang='grc' dir='ltr'><strong><em>ταῖς</em></strong></span> <span class='ocrx_word' id='word_1_126' title='bbox 786 1991 979 2077; x_wconf 86' lang='grc' dir='ltr'><strong><em>ὁμολογίαις</em></strong></span> <span class='ocrx_word' id='word_1_127' title='bbox 1000 1991 1062 2074; x_wconf 83' lang='grc' dir='ltr'><strong><em>τήν</em></strong></span> 
     </span>
     <span class='ocr_line' id='line_1_18' title="bbox 55 2089 1062 2184; baseline 0.003 -26"><span class='ocrx_word' id='word_1_128' title='bbox 55 2093 150 2178; x_wconf 80' lang='grc' dir='ltr'><strong><em>αὐτὴν</em></strong></span> <span class='ocrx_word' id='word_1_129' title='bbox 172 2089 260 2160; x_wconf 81' lang='grc' dir='ltr'><strong><em>εἶναι</em></strong></span> <span class='ocrx_word' id='word_1_130' title='bbox 283 2096 415 2182; x_wconf 76' lang='grc' dir='ltr'><strong><em>δωρεὰν</em></strong></span> <span class='ocrx_word' id='word_1_131' title='bbox 436 2094 493 2162; x_wconf 83' lang='grc' dir='ltr'><strong><em>κοιλ</em></strong></span> <span class='ocrx_word' id='word_1_132' title='bbox 515 2105 586 2174; x_wconf 88' lang='grc' dir='ltr'><strong><em>τοῖς</em></strong></span> <span class='ocrx_word' id='word_1_133' title='bbox 603 2100 793 2184; x_wconf 87' lang='grc' dir='ltr'><strong><em>Ταρκυνίου</em></strong></span> <span class='ocrx_word' id='word_1_134' title='bbox 816 2097 979 2182; x_wconf 79' lang='grc' dir='ltr'><strong><em>ἐγγόνοις,</em></strong></span> <span class='ocrx_word' id='word_1_135' title='bbox 1001 2097 1062 2161; x_wconf 91' lang='grc' dir='ltr'><strong><em>τὸν</em></strong></span> 
     </span>
     <span class='ocr_line' id='line_1_19' title="bbox 56 2197 1063 2290; baseline 0.004 -27"><span class='ocrx_word' id='word_1_136' title='bbox 56 2197 83 2262; x_wconf 90' lang='grc' dir='ltr'><strong><em>δ’</em></strong></span> <span class='ocrx_word' id='word_1_137' title='bbox 99 2198 250 2277; x_wconf 76' lang='grc' dir='ltr'><strong><em>ἀξιοῦντα</em></strong></span> <span class='ocrx_word' id='word_1_138' title='bbox 264 2211 333 2267; x_wconf 83' lang='grc' dir='ltr'><strong><em>τῶν</em></strong></span> <span class='ocrx_word' id='word_1_139' title='bbox 346 2210 407 2268; x_wconf 87' lang='grc' dir='ltr'><strong><em>τοῦ</em></strong></span> <span class='ocrx_word' id='word_1_140' title='bbox 420 2202 556 2268; x_wconf 81' lang='grc' dir='ltr'><strong><em>πάππου</em></strong></span> <span class='ocrx_word' id='word_1_141' title='bbox 571 2205 708 2290; x_wconf 78' lang='grc' dir='ltr'><strong><em>δωρεῶν</em></strong></span> <span class='ocrx_word' id='word_1_142' title='bbox 721 2209 943 2289; x_wconf 81' lang='grc' dir='ltr'><strong><em>κληρονομεῖν</em></strong></span> <span class='ocrx_word' id='word_1_143' title='bbox 958 2201 1063 2267; x_wconf 80' lang='grc' dir='ltr'><strong><em>ἁπάν-</em></strong></span> 
     </span>
     <span class='ocr_line' id='line_1_20' title="bbox 55 2305 1062 2395; baseline 0.004 -26"><span class='ocrx_word' id='word_1_144' title='bbox 55 2328 114 2370; x_wconf 91' lang='grc' dir='ltr'><strong><em>των</em></strong></span> <span class='ocrx_word' id='word_1_145' title='bbox 140 2306 330 2394; x_wconf 83' lang='grc' dir='ltr'><strong><em>ἆυθρώπων</em></strong></span> <span class='ocrx_word' id='word_1_146' title='bbox 354 2310 639 2395; x_wconf 83' lang='grc' dir='ltr'><strong><em>παρανομώτατον</em></strong></span> <span class='ocrx_word' id='word_1_147' title='bbox 662 2309 860 2395; x_wconf 86' lang='grc' dir='ltr'><strong><em>ἀποφαίνων</em></strong></span> <span class='ocrx_word' id='word_1_148' title='bbox 882 2305 1062 2393; x_wconf 59' lang='grc' dir='ltr'><strong><em>καὶζπονη·</em></strong></span> 
     </span>
     <span class='ocr_line' id='line_1_21' title="bbox 57 2410 1103 2502; baseline 0 -25"><span class='ocrx_word' id='word_1_149' title='bbox 57 2414 184 2496; x_wconf 86' lang='grc' dir='ltr'><strong><em>ρότοιτον</em></strong></span> <span class='ocrx_word' id='word_1_150' title='bbox 209 2413 272 2480; x_wconf 80' lang='grc' dir='ltr'><strong><em>Ικαὶ</em></strong></span> <span class='ocrx_word' id='word_1_151' title='bbox 303 2416 362 2493; x_wconf 77' lang='grc' dir='ltr'><strong><em>τὰς</em></strong></span> <span class='ocrx_word' id='word_1_152' title='bbox 393 2414 526 2502; x_wconf 82' lang='grc' dir='ltr'><strong><em>πράξεις</em></strong></span> <span class='ocrx_word' id='word_1_153' title='bbox 558 2415 663 2481; x_wconf 74' lang='grc' dir='ltr'><strong><em>αὐτοῦ</em></strong></span> <span class='ocrx_word' id='word_1_154' title='bbox 692 2415 838 2498; x_wconf 81' lang='grc' dir='ltr'><strong><em>διεξιών,</em></strong></span> <span class='ocrx_word' id='word_1_155' title='bbox 866 2413 906 2491; x_wconf 76' lang='grc' dir='ltr'><strong><em>ἃς</em></strong></span> <span class='ocrx_word' id='word_1_156' title='bbox 933 2410 987 2478; x_wconf 83' lang='grc' dir='ltr'><strong><em>έπλ</em></strong></span> <span class='ocrx_word' id='word_1_157' title='bbox 1014 2419 1060 2502; x_wconf 73' lang='grc' dir='ltr'><strong><em>τῷ</em></strong></span> <span class='ocrx_word' id='word_1_158' title='bbox 1075 2431 1103 2471; x_wconf 74' lang='lat'><strong><em>20</em></strong></span> 
     </span>
     <span class='ocr_line' id='line_1_22' title="bbox 56 2517 1097 2610; baseline 0.002 -28"><span class='ocrx_word' id='word_1_159' title='bbox 56 2530 219 2605; x_wconf 74' lang='grc' dir='ltr'><strong><em>κατασχεῖν</em></strong></span> <span class='ocrx_word' id='word_1_160' title='bbox 236 2523 299 2606; x_wconf 81' lang='grc' dir='ltr'><strong><em>τήν</em></strong></span> <span class='ocrx_word' id='word_1_161' title='bbox 312 2517 482 2607; x_wconf 89' lang='grc' dir='ltr'><strong><em>Ῥωμαίων</em></strong></span> <span class='ocrx_word' id='word_1_162' title='bbox 502 2521 608 2610; x_wconf 82' lang='grc' dir='ltr'><strong><em>ἀρχήν</em></strong></span> <span class='ocrx_word' id='word_1_163' title='bbox 626 2520 847 2588; x_wconf 76' lang='grc' dir='ltr'><strong><em>ἐπετελέσατο.</em></strong></span> <span class='ocrx_word' id='word_1_164' title='bbox 878 2520 1097 2599; x_wconf 83' lang='grc' dir='ltr'><strong><em>διεξελθὼν4</em></strong></span> 
     </span>
     <span class='ocr_line' id='line_1_23' title="bbox 58 2622 1061 2714; baseline 0.004 -27"><span class='ocrx_word' id='word_1_165' title='bbox 58 2622 89 2688; x_wconf 76' lang='grc' dir='ltr'><strong><em>δὲ</em></strong></span> <span class='ocrx_word' id='word_1_166' title='bbox 107 2629 229 2705; x_wconf 81' lang='grc' dir='ltr'><strong><em>πολλὰς</em></strong></span> <span class='ocrx_word' id='word_1_167' title='bbox 251 2627 356 2693; x_wconf 76' lang='grc' dir='ltr'><strong><em>αὐτοῦ</em></strong></span> <span class='ocrx_word' id='word_1_168' title='bbox 377 2626 435 2693; x_wconf 85' lang='grc' dir='ltr'><strong><em>καλ</em></strong></span> <span class='ocrx_word' id='word_1_169' title='bbox 458 2629 570 2704; x_wconf 86' lang='grc' dir='ltr'><strong><em>δεινδις</em></strong></span> <span class='ocrx_word' id='word_1_170' title='bbox 592 2629 791 2714; x_wconf 90' lang='grc' dir='ltr'><strong><em>κατηγορίας</em></strong></span> <span class='ocrx_word' id='word_1_171' title='bbox 812 2631 976 2693; x_wconf 80' lang='grc' dir='ltr'><strong><em>τελευτῶν</em></strong></span> <span class='ocrx_word' id='word_1_172' title='bbox 994 2624 1061 2692; x_wconf 78' lang='grc' dir='ltr'><strong><em>ἐδί-</em></strong></span> 
     </span>
     <span class='ocr_line' id='line_1_24' title="bbox 58 2729 1061 2820; baseline 0.007 -27"><span class='ocrx_word' id='word_1_173' title='bbox 58 2730 181 2819; x_wconf 88' lang='grc' dir='ltr'><strong><em>δασκεν,</em></strong></span> <span class='ocrx_word' id='word_1_174' title='bbox 214 2735 260 2812; x_wconf 82' lang='grc' dir='ltr'><strong><em>ὡς</em></strong></span> <span class='ocrx_word' id='word_1_175' title='bbox 292 2732 373 2800; x_wconf 72' lang='grc' dir='ltr'><strong><em>οὐδὲ</em></strong></span> <span class='ocrx_word' id='word_1_176' title='bbox 403 2736 466 2819; x_wconf 84' lang='grc' dir='ltr'><strong><em>τήν</em></strong></span> <span class='ocrx_word' id='word_1_177' title='bbox 497 2735 670 2818; x_wconf 85' lang='grc' dir='ltr'><strong><em>βασιλείαν</em></strong></span> <span class='ocrx_word' id='word_1_178' title='bbox 703 2729 769 2820; x_wconf 78' lang='grc' dir='ltr'><strong><em>εἶχε</em></strong></span> <span class='ocrx_word' id='word_1_179' title='bbox 800 2735 863 2818; x_wconf 84' lang='grc' dir='ltr'><strong><em>τήν</em></strong></span> <span class='ocrx_word' id='word_1_180' title='bbox 888 2729 1061 2818; x_wconf 90' lang='grc' dir='ltr'><strong><em>Ρωμαίων</em></strong></span> 
     </span>
     <span class='ocr_line' id='line_1_25' title="bbox 57 2835 1060 2927; baseline 0.003 -27"><span class='ocrx_word' id='word_1_181' title='bbox 57 2840 126 2903; x_wconf 80' lang='grc' dir='ltr'><strong><em>κατὰ</em></strong></span> <span class='ocrx_word' id='word_1_182' title='bbox 146 2844 272 2926; x_wconf 86' lang='grc' dir='ltr'><strong><em>νόμους</em></strong></span> <span class='ocrx_word' id='word_1_183' title='bbox 295 2835 374 2927; x_wconf 88' lang='grc' dir='ltr'><strong><em>παρ’</em></strong></span> <span class='ocrx_word' id='word_1_184' title='bbox 396 2839 540 2908; x_wconf 79' lang='grc' dir='ltr'><strong><em>ἑκόντων</em></strong></span> <span class='ocrx_word' id='word_1_185' title='bbox 558 2842 673 2925; x_wconf 81' lang='grc' dir='ltr'><strong><em>λαβὼν</em></strong></span> <span class='ocrx_word' id='word_1_186' title='bbox 692 2842 802 2927; x_wconf 78' lang='grc' dir='ltr'><strong><em>ὥσπερ</em></strong></span> <span class='ocrx_word' id='word_1_187' title='bbox 821 2841 857 2905; x_wconf 90' lang='grc' dir='ltr'><strong><em>οί</em></strong></span> <span class='ocrx_word' id='word_1_188' title='bbox 871 2841 936 2925; x_wconf 90' lang='grc' dir='ltr'><strong><em>πρὸ</em></strong></span> <span class='ocrx_word' id='word_1_189' title='bbox 956 2840 1060 2904; x_wconf 82' lang='grc' dir='ltr'><strong><em>αὐτοῦ</em></strong></span> 
     </span>
     <span class='ocr_line' id='line_1_26' title="bbox 59 2945 1099 3035; baseline 0 -25"><span class='ocrx_word' id='word_1_190' title='bbox 59 2945 201 3031; x_wconf 84' lang='grc' dir='ltr'><strong><em>βασιλεῖς,</em></strong></span> <span class='ocrx_word' id='word_1_191' title='bbox 225 2949 341 3025; x_wconf 83' lang='grc' dir='ltr'><strong><em>ὅπλοις</em></strong></span> <span class='ocrx_word' id='word_1_192' title='bbox 364 2945 402 3012; x_wconf 75' lang='grc' dir='ltr'><strong><em>δὲ</em></strong></span> <span class='ocrx_word' id='word_1_193' title='bbox 424 2945 479 3014; x_wconf 84' lang='grc' dir='ltr'><strong><em>καὶ</em></strong></span> <span class='ocrx_word' id='word_1_194' title='bbox 502 2950 559 3035; x_wconf 78' lang='grc' dir='ltr'><strong><em>βίᾳ</em></strong></span> <span class='ocrx_word' id='word_1_195' title='bbox 582 2949 782 3034; x_wconf 85' lang='grc' dir='ltr'><strong><em>κατισχύσας</em></strong></span> <span class='ocrx_word' id='word_1_196' title='bbox 799 2948 1005 3033; x_wconf 88' lang='grc' dir='ltr'><strong><em>τυραννικήν</em></strong></span> <span class='ocrx_word' id='word_1_197' title='bbox 1023 2967 1058 3010; x_wconf 92' lang='grc' dir='ltr'><strong><em>τε</em></strong></span> <span class='ocrx_word' id='word_1_198' title='bbox 1072 2961 1099 3002; x_wconf 79' lang='lat'><strong><em>25</em></strong></span> 
     </span>
     <span class='ocr_line' id='line_1_27' title="bbox 59 3051 1059 3139; baseline -0.001 -23"><span class='ocrx_word' id='word_1_199' title='bbox 59 3056 236 3138; x_wconf 87' lang='grc' dir='ltr'><strong><em>μοναρχίαν</em></strong></span> <span class='ocrx_word' id='word_1_200' title='bbox 259 3053 548 3139; x_wconf 81' lang='grc' dir='ltr'><strong><em>καταστησάμενος</em></strong></span> <span class='ocrx_word' id='word_1_201' title='bbox 571 3058 654 3133; x_wconf 85' lang='grc' dir='ltr'><strong><em>τοὺς</em></strong></span> <span class='ocrx_word' id='word_1_202' title='bbox 683 3051 745 3139; x_wconf 76' lang='grc' dir='ltr'><strong><em>μὲν</em></strong></span> <span class='ocrx_word' id='word_1_203' title='bbox 774 3053 964 3119; x_wconf 77' lang='grc' dir='ltr'><strong><em>ἀποκτείνοι</em></strong></span> <span class='ocrx_word' id='word_1_204' title='bbox 991 3061 1059 3116; x_wconf 88' lang='grc' dir='ltr'><strong><em>των</em></strong></span> 
     </span>
     <span class='ocr_line' id='line_1_28' title="bbox 58 3155 1059 3246; baseline 0.003 -27"><span class='ocrx_word' id='word_1_205' title='bbox 58 3162 199 3244; x_wconf 83' lang='grc' dir='ltr'><strong><em>πολιτῶν,</em></strong></span> <span class='ocrx_word' id='word_1_206' title='bbox 216 3161 296 3237; x_wconf 78' lang='grc' dir='ltr'><strong><em>τοὺς</em></strong></span> <span class='ocrx_word' id='word_1_207' title='bbox 315 3156 345 3224; x_wconf 90' lang='grc' dir='ltr'><strong><em>δ’</em></strong></span> <span class='ocrx_word' id='word_1_208' title='bbox 368 3159 539 3240; x_wconf 79' lang='grc' dir='ltr'><strong><em>ἐξελαύνοι</em></strong></span> <span class='ocrx_word' id='word_1_209' title='bbox 557 3169 615 3244; x_wconf 77' lang='grc' dir='ltr'><strong><em>τῆς</em></strong></span> <span class='ocrx_word' id='word_1_210' title='bbox 631 3161 802 3245; x_wconf 90' lang='grc' dir='ltr'><strong><em>πατρίδος,</em></strong></span> <span class='ocrx_word' id='word_1_211' title='bbox 824 3155 950 3246; x_wconf 61' lang='grc' dir='ltr'><strong><em>τῶνζήδὲ</em></strong></span> <span class='ocrx_word' id='word_1_212' title='bbox 968 3178 1059 3244; x_wconf 91' lang='grc' dir='ltr'><strong><em>περι-</em></strong></span> 
     </span>
    </p>
   </div>
   <div class='ocr_carea' id='block_1_3' title="bbox 56 3350 1061 3565">
    <p class='ocr_par' dir='ltr' id='par_1_3' title="bbox 97 3350 1061 3565">
     <span class='ocr_line' id='line_1_29' title="bbox 118 3350 1061 3422; baseline -0.001 -17"><span class='ocrx_word' id='word_1_213' title='bbox 118 3358 130 3405; x_wconf 89' lang='grc'>1</span> <span class='ocrx_word' id='word_1_214' title='bbox 150 3353 225 3406; x_wconf 83' lang='grc' dir='ltr'><strong><em>αδτῶ</em></strong></span> <span class='ocrx_word' id='word_1_215' title='bbox 244 3352 267 3405; x_wconf 92' lang='grc' dir='ltr'>Β</span> <span class='ocrx_word' id='word_1_216' title='bbox 340 3351 464 3422; x_wconf 81' lang='grc' dir='ltr'><strong><em>3κτηοοί</em></strong></span> <span class='ocrx_word' id='word_1_217' title='bbox 465 3372 585 3422; x_wconf 87' lang='grc' dir='ltr'><strong><em>μενοςα</em></strong></span> <span class='ocrx_word' id='word_1_218' title='bbox 565 3352 654 3422; x_wconf 82' lang='grc' dir='ltr'><strong><em>αύτήν</em></strong></span> <span class='ocrx_word' id='word_1_219' title='bbox 674 3352 697 3407; x_wconf 94' lang='grc' dir='ltr'><strong>Ο</strong></span> <span class='ocrx_word' id='word_1_220' title='bbox 715 3350 868 3422; x_wconf 75' lang='grc' dir='ltr'><strong><em>μεαελοτΒ</em></strong></span> <span class='ocrx_word' id='word_1_221' title='bbox 941 3351 1028 3406; x_wconf 78' lang='grc' dir='ltr'><strong><em>θὸκ</em></strong></span> <span class='ocrx_word' id='word_1_222' title='bbox 1029 3350 1061 3404; x_wconf 84' lang='grc' dir='ltr'><strong><em>αλ</em></strong></span> 
     </span>
     <span class='ocr_line' id='line_1_30' title="bbox 56 3407 1059 3494; baseline -0.003 -17.789"><span class='ocrx_word' id='word_1_223' title='bbox 56 3416 152 3476; x_wconf 86' lang='grc' dir='ltr'><strong><em>Βκαλ</em></strong></span> <span class='ocrx_word' id='word_1_224' title='bbox 168 3407 214 3476; x_wconf 86' lang='lat' dir='ltr'><strong>R</strong></span> <span class='ocrx_word' id='word_1_225' title='bbox 287 3429 319 3479; x_wconf 83' lang='grc'><strong><em>17</em></strong></span> <span class='ocrx_word' id='word_1_226' title='bbox 339 3419 370 3478; x_wconf 81' lang='grc' dir='ltr'><strong><em>έν</em></strong></span> <span class='ocrx_word' id='word_1_227' title='bbox 371 3423 504 3494; x_wconf 80' lang='grc' dir='ltr'><strong><em>γόνοιςΟ</em></strong></span> <span class='ocrx_word' id='word_1_228' title='bbox 593 3430 628 3478; x_wconf 80' lang='lat'><strong><em>20</em></strong></span> <span class='ocrx_word' id='word_1_229' title='bbox 646 3443 684 3477; x_wconf 83' lang='grc' dir='ltr'><strong><em>κα</em></strong></span> <span class='ocrx_word' id='word_1_230' title='bbox 686 3422 768 3476; x_wconf 81' lang='lat' dir='ltr'>ldel</span> <span class='ocrx_word' id='word_1_231' title='bbox 787 3422 931 3492; x_wconf 79' lang='lat' dir='ltr'>Kiessling</span> <span class='ocrx_word' id='word_1_232' title='bbox 954 3426 1016 3494; x_wconf 77' lang='grc' dir='ltr'><strong><em>ήτῷ</em></strong></span> <span class='ocrx_word' id='word_1_233' title='bbox 995 3421 1059 3475; x_wconf 87' lang='grc' dir='ltr'><strong><em>ωΒ</em></strong></span> 
     </span>
     <span class='ocr_line' id='line_1_31' title="bbox 56 3445 878 3565; baseline 0.005 -22.21"><span class='ocrx_word' id='word_1_234' title='bbox 56 3488 121 3543; x_wconf 75' lang='grc' dir='ltr'><strong><em>ιδΒ</em></strong></span> <span class='ocrx_word' id='word_1_235' title='bbox 190 3500 225 3548; x_wconf 80' lang='lat'><strong><em>23</em></strong></span> <span class='ocrx_word' id='word_1_236' title='bbox 246 3491 345 3563; x_wconf 78' lang='grc' dir='ltr'><strong><em>ἔχοιο</em></strong></span> <span class='ocrx_word' id='word_1_237' title='bbox 365 3445 508 3563; x_wconf 81' lang='lat' dir='ltr'>Kiessling</span> <span class='ocrx_word' id='word_1_238' title='bbox 580 3501 615 3549; x_wconf 80' lang='lat'><strong><em>24</em></strong></span> <span class='ocrx_word' id='word_1_239' title='bbox 634 3494 708 3565; x_wconf 82' lang='grc' dir='ltr'><strong><em>λαβὼ</em></strong></span> <span class='ocrx_word' id='word_1_240' title='bbox 688 3513 726 3548; x_wconf 89' lang='grc' dir='ltr'><strong><em>ων</em></strong></span> <span class='ocrx_word' id='word_1_241' title='bbox 746 3492 810 3546; x_wconf 79' lang='lat' dir='ltr'>add.</span> <span class='ocrx_word' id='word_1_242' title='bbox 829 3493 878 3547; x_wconf 80' lang='lat' dir='ltr'><strong><em>BG</em></strong></span> 
     </span>
    </p>
   </div>
   <div class='ocr_carea' id='block_1_4' title="bbox 99 3587 897 3635">
    <p class='ocr_par' dir='ltr' id='par_1_4' title="bbox 99 3587 897 3635">
     <span class='ocr_line' id='line_1_32' title="bbox 99 3587 897 3635; baseline 0.008 -7"><span class='ocrx_word' id='word_1_243' title='bbox 99 3588 458 3635; x_wconf 40' lang='grc' dir='ltr'><strong><em>ΒιοαῑεΗΗΔῐπΠιειωΑοοδ</em></strong></span> <span class='ocrx_word' id='word_1_244' title='bbox 881 3587 897 3634; x_wconf 89' lang='grc'><strong>6</strong></span> 
     </span>
    </p>
   </div>
   <div class='ocr_carea' id='block_1_5' title="bbox 0 0 1204 3912">
    <p class='ocr_par' dir='ltr' id='par_1_5' title="bbox 0 0 1204 3912">
     <span class='ocr_line' id='line_1_33' title="bbox 0 0 1204 3912; baseline 0 0"><span class='ocrx_word' id='word_1_245' title='bbox 0 0 1204 3912; x_wconf 95' lang='lat' dir='ltr'><strong><em> </em></strong></span> 
     </span>
    </p>
   </div>
  </div>
 </body>
</html>
