2394 3912
153 205 219 270 366
584 205 744 258 -ς-

152 367 257 434 πέδου
276 367 384 434 πάντα
401 369 442 434 τὰ
460 367 497 434 ἐν
514 375 554 453 τή
572 370 668 433 πόλει
686 369 859 452 γενόμενα,
879 363 939 444 καὶ,
952 365 1063 431 αὐτίκα
1083 364 1160 429 πάν-

152 497 206 552 τες
233 474 423 552 ἐκλιπόντες
445 477 483 540 τὸ
507 476 613 560 ἔρυμα
634 473 792 558 ὑπήντων
815 475 864 538 ἔτι
887 467 965 537 καθ’
986 471 1065 537 ὁδὸν
1090 465 1162 536 οὖσι

152 591 223 658 τοῖς
245 585 470 667 πρεσβευταῖς.
515 576 559 665 ήν
582 579 622 646 δέ
644 603 694 657 τις
716 579 753 645 ἐν
775 587 821 668 τῷ
845 577 1052 668 στρατοπέδω
1077 578 1162 643 πάνυ

153 689 348 773 ταραχώδης
369 686 426 753 καὶ
448 687 647 771 στασιαστής
668 687 765 773 ἀνήρ,
789 685 867 765 ὀξὺς
884 694 925 771 τῇ
943 687 1053 771 γνώμη
1073 703 1162 768 προῖ

126 797 227 862 ιδεῖν
248 819 281 861 τι
303 805 371 860 τών
395 793 565 879 ἐσομένων
588 794 625 859 ἐκ
645 798 784 876 πολλοῦ,
806 790 862 858 καὶ
881 793 985 858 εἰπεῖν
1002 793 1020 858 ὅ
1038 815 1072 858 τι
1090 795 1162 874 νοή-

153 918 243 968 σειεν
266 902 311 979 ώς
333 902 433 979 λάλος
455 898 510 966 καὶ
527 903 668 978 κωτίλος
686 900 748 966 οὐκ
766 898 943 982 ἀδύνατος,
967 900 1003 977 ὃς
1021 899 1161 965 ἐκαλεῖτο

153 1005 214 1092 μέν
237 1009 380 1086 Λεύκιος
400 1002 554 1090 Ἰούνιος,
579 1007 755 1092 ὁμώνυμος
777 1013 822 1095 τῷ
845 1007 1068 1072 καταλύσαντι
1091 1009 1162 1082 τοὺς

153 1117 314 1198 βασιλεῖς,
346 1114 555 1199 ἐκπληρῶσαι
585 1111 623 1178 δὲ
652 1115 714 1198 τήν
742 1113 939 1198 ὁμωνυμίαν
966 1116 1162 1198 βουλόμενος

152 1219 248 1304 ήξίου
271 1218 327 1286 καὶ
349 1226 499 1306 Βροῦτος
522 1220 761 1287 ἐπικαλεῖσθαι.
799 1230 870 1297 τοῖς
893 1215 925 1284 δ’
946 1222 1011 1305 άρα
1033 1224 1163 1295 πολλοῖς

113 1348 139 1388 ιο
152 1325 256 1409 γέλως
286 1324 339 1392 ἐπὶ
368 1334 407 1412 τῇ
434 1327 661 1412 κενοσπουδίᾳ
688 1334 749 1391 τοῦ
776 1324 963 1411 ἀνθρώπου
990 1327 1161 1412 εἰσήρχετο,

152 1428 208 1496 καί
236 1432 290 1497 ὅτε
317 1436 520 1516 βουληθεῖεν
547 1431 765 1499 ἐπισκώπτειν
794 1431 897 1497 αὐτὸν
920 1436 1073 1518 Βροῦτον
1100 1432 1162 1498 ἐπε-

118 1539 289 1608 2κάλουν.
331 1534 430 1616 οὗτος
454 1539 472 1604 ὁ
497 1538 582 1624 άνήρ
605 1541 665 1604 τὸν
687 1538 835 1623 ἡγεμόνα
858 1547 920 1603 τοῦ
942 1537 1161 1624 στρατοπέδου

152 1649 330 1711 Σικίννιον
354 1643 503 1728 διδάξας,
533 1645 578 1722 ὡς
602 1645 664 1710 οὐκ
686 1646 826 1729 άμειυον
848 1651 901 1728 είη
925 1646 971 1732 τῷ
996 1646 1090 1733 δήμω
1114 1645 1161 1731 ῥη-

93 1807 96 1812 .
153 1752 232 1828 δίως
265 1751 385 1816 ἑαυτὸν
413 1749 598 1836 ἐπιτρέπειν
612 1761 696 1828 Ιτοῖς
722 1749 1009 1836 προτεινομένοις,
1043 1752 1098 1816 ἰ’να
1123 1753 1159 1835 μή

113 1877 138 1918 15
153 1853 207 1922 ἀπ’
229 1856 404 1934 ἐλάττονος
427 1856 592 1936 ἀξιώσεως
612 1856 813 1943 ’ἀτιμοτέραν
832 1858 970 1943 εὕρηται
987 1858 1052 1942 τήν
1068 1858 1160 1923 κάθο-
1187 1841 1188 1934 ή

153 1965 230 2045 δον,
260 1961 331 2030 ἀλλ’
355 1964 593 2030 ἐναντιοῦσθαι
621 1963 716 2050 μέχρι
743 1969 872 2030 πολλοῦ
899 1963 955 2030 καὶ
979 1967 1160 2053 τραγῳδίαν

151 2071 226 2136 τινά
249 2061 416 2136 ἐπιθεῖναι
437 2080 508 2147 τοῖς
530 2071 700 2156 πράγμασι
722 2074 963 2156 προσποιητόν,
987 2071 1157 2157 ὑποσχόμε
1186 2113 1187 2176 ,

151 2180 210 2255 νός
233 2174 261 2241 τ’
284 2177 383 2253 αὐτὸς
406 2177 640 2261 ἀναλήψεσθαι
662 2179 722 2243 τὸν
745 2174 829 2264 ὑπὲρ
852 2187 913 2243 τοῦ
938 2179 1049 2262 δήμου
1068 2182 1186 2262 λόγονῖλ

151 2284 191 2348 τά
208 2278 238 2347 τ’
259 2285 343 2348 άλλα
361 2281 581 2368 ὑποθέμενος,
601 2283 621 2348 δ
635 2285 697 2370 χρή
711 2283 903 2370 πράττεινή
919 2283 1043 2369 λέγειν,
1062 2289 1157 2351 ἔπεισε

111 2410 137 2449 εο
151 2392 210 2455 τὸν
224 2394 409 2456 Σικίννιον.
446 2389 500 2456 καὶ
519 2392 600 2475 μετὰ
617 2399 716 2456 τοῦτο
736 2390 754 2456 ὁ
773 2387 835 2475 μὲν
855 2396 1032 2469 Σικίννιος
1048 2408 1158 2476 συγκα-
1185 2369 1186 2423 ¹

151 2496 248 2574 λέσας
271 2499 317 2574 εἰς
341 2496 518 2579 ἐκκλησίαν
536 2499 597 2562 τὸν
616 2489 723 2582 δήμου
742 2495 892 2564 ἐκέλευσε
912 2501 993 2576 τοὺς
1011 2502 1157 2584 πρεσβει-

150 2605 208 2681 τδις
229 2599 313 2687 ὑπὲρ
338 2599 387 2669 ὧν
409 2604 528 2687 ήκουσι
551 2602 670 2688 λέγειν.
1101 2607 1104 2614 “
1184 2631 1185 2662 ι

217 2708 331 2775 LXXI.
356 2710 545 2795 Παρελθὼν
570 2706 608 2775 δέ
625 2711 760 2788 Μάνιος
779 2708 976 2796 Οὐαλέριος,
1001 2712 1104 2797 ὅσπερ
1124 2705 1157 2792 ήν

151 2817 261 2881 αὐτῶν
280 2817 507 2902 πρεσβύτατός
524 2839 559 2882 τε
576 2814 632 2882 καὶ
652 2818 928 2901 δημοτικώτατος,
949 2817 1158 2905 ἐπιμαρτυρή-
1183 2821 1184 2911 ή

110 2941 135 2982 2⁵
150 2939 270 2999 σαντος
299 2923 387 3012 αὐτῷ
411 2924 473 3007 τήν
495 2927 691 3010 προθυμίαν
713 2931 774 2989 τοῦ
796 2927 950 3008 πλήθους
974 2923 1157 3009 εὐμενεστά-

149 3054 221 3108 ταις
248 3040 379 3114 φωναῖς
407 3027 462 3094 καὶ
488 3033 745 3116 προσηγορίαις,
778 3030 891 3115 ἐπειδή
920 3040 1049 3115 σιωπῆς
1078 3035 1183 3155 ἔτυχε,

219 3261 235 3308 2
260 3249 437 3319 ἐκλείποντες
460 3257 506 3312 Βει
596 3265 611 3313 3
630 3258 855 3333 πρεσβ<ευ>ταῖς
878 3259 925 3314 Bb
946 3266 961 3314 1
981 3259 1039 3315 litt.
1064 3260 1096 3314 in
1112 3274 1153 3312 ras.

149 3329 209 3375 ὅτι
227 3324 252 3375 Α
297 3326 368 3380 τεΒ
394 3331 398 3395 Ι
422 3328 617 3398 προειπεῖνΟ
664 3329 755 3386 εἰπεῖν
778 3331 882 3387 Βείιλῐθ
976 3330 1182 3402 8δμωνάμυῖι

142 3390 250 3512 βαὶἓξρ
343 3403 375 3450 17
394 3397 623 3468 προςπσιητάνΒ
660 3401 895 3472 προςποιητήνΒι
988 3409 1021 3458 19
1040 3421 1072 3459 τε
1091 3400 1155 3458 ABb
