2394 3912
161 187 225 252 318
591 188 752 238 -5-

161 351 341 435 ρευόμενος
364 348 447 414 ὁδὸν
470 347 594 426 ἔλεξεν·
628 344 761 430 Ἐπειδὴ
784 347 822 411 τὸ
848 347 1029 431 δημοτικὸν
1047 351 1165 429 πλῆθος

161 456 198 522 ἐν
227 463 273 543 τῷ
306 457 511 542 παρελθόντι
544 454 685 541 ἐνιαυτῷ
716 455 913 538 προθυμίαν
943 454 1104 535 πλείστην
1131 453 1166 527 είς

160 564 239 638 τοὺς
257 558 340 646 ὑπὲρ
359 570 417 645 τῆς
435 563 562 638 πόλεως
580 560 712 645 άγώνας
726 559 924 643 ἐπεδείξατο,
950 559 1166 634 Οὐολούσκοις

160 667 216 734 καὶ
236 663 429 753 Ἀρούγκοις
451 672 556 752 πολλῇ
580 675 718 754 στρατιᾷ
742 666 895 732 ἐπιοῦσιν
919 665 1166 750 ἀντιταξάμενον

136 770 237 859 εμεθ’
261 773 367 859 ἡμῶν,
392 780 504 858 υίομαι
528 775 600 839 δεῖν
623 777 702 850 τοὺς
725 770 980 858 συναραμένους
1003 771 1086 856 ἡμῖν
1107 773 1165 836 τότε

160 879 216 946 καὶ
247 882 354 946 τῶνδε
386 890 454 945 τῶν
486 878 642 964 πολέμων
675 882 898 964 μετασχόντας
931 878 1097 963 ἀφεῖσθαι
1125 875 1167 941 καὶ

162 988 305 1072 μηδενὸς
336 985 448 1052 αὐτῶν
477 989 557 1072 μήτε
586 988 624 1051 τὸ
655 996 749 1071 σῶμα
776 990 857 1070 μήτε
884 985 948 1068 τὴν
972 985 1095 1051 ούσίαν
1115 985 1166 1048 ὑπὸ

161 1104 229 1158 τῶν
258 1095 442 1159 δανειστῶν
469 1100 678 1180 κρατεῖσθαι·
711 1094 748 1158 τὸ
778 1090 808 1157 δ’
831 1092 912 1158 αὐτὸ
939 1093 1075 1158 δίκαιον
1097 1085 1167 1156 εἶναι

161 1196 217 1264 καὶ
239 1209 378 1283 γονεῦσι
401 1209 470 1276 τοῖς
493 1201 623 1265 τούτων
642 1202 719 1286 ἄχρι
735 1198 792 1265 καλ
809 1199 966 1282 πάππων,
990 1197 1049 1264 καὶ
1068 1196 1167 1263 παισίν

127 1330 152 1370 10
162 1304 224 1383 ἐως
256 1304 418 1389 ἐγγόνων·
454 1308 534 1384 τοὺς
564 1303 595 1371 δ’
624 1307 747 1384 ἄλλους
776 1306 968 1391 ἀγωγίμους
999 1299 1167 1379 εἶναιτοῖς

127 1412 405 1495 2δεδανεικόσιν,
428 1413 474 1490 ώς
497 1411 646 1491 ἑκάστοις
668 1412 864 1496 συνέβαλον.
905 1412 1004 1476 Μετὰ
1024 1407 1167 1476 δὲταῦτα

166 1523 262 1596 Ίῖτος
285 1520 432 1605 Λάρκιος
455 1513 558 1584 εἶπεν·
592 1515 686 1604 Ἐμοὶ
710 1515 753 1602 δ’,
784 1514 955 1603 ὦβουλή,
990 1518 1088 1582 δοκεῖ
1106 1516 1192 1602 κρί-11

162 1643 276 1691 τιστον
300 1626 345 1710 μὴ
368 1628 475 1711 μόνον
498 1628 577 1702 τοὺς
600 1625 637 1691 ἐν
655 1636 725 1702 τοῖς
742 1623 900 1710 πολέμοις
920 1624 1076 1707 άγαθοῦς
1092 1646 1167 1706 γευο·

163 1730 295 1815 μένους,
323 1732 405 1797 άλλδι
428 1729 482 1797 καὶ
505 1733 565 1798 τὸν
589 1733 692 1798 ύλλον
714 1733 843 1797 ἅπαντα
868 1731 977 1816 δῆμον
1001 1729 1168 1814 ἐλεύθερον

127 1859 153 1900 15
162 1846 230 1902 τῶν
254 1841 469 1922 συμβολαίων
490 1838 659 1921 άφεισθαι.
698 1841 808 1924 μόνως
826 1836 929 1923 γάρ’“
910 1862 952 1902 αν
972 1837 1083 1914 οὕτως
1100 1838 1167 1918 ὅλην

162 1945 224 2028 τὴν
242 1946 342 2009 πόλιν
361 1943 574 2029 ὁμονοοῦσαν
593 1944 828 2029 ἐργασαίμεθα.
867 1946 986 2028 Τρίτος
1005 1939 1046 2008 δέ
1063 1947 1167 2028 παρελ-

161 2051 237 2116 θὼν
261 2049 403 2128 ’Ἁππιος
433 2052 604 2127 Κλαύδιος
638 2051 699 2135 <ό>
731 2052 793 2134 τὴν
829 2051 959 2116 ύπατον
997 2048 1155 2136 ἀρχὴν
1132 2055 1166 2111 τῦ

161 2159 367 2242 παρελθόντι
390 2159 455 2222 ἔτει
478 2158 568 2241 σχὼν
591 2157 714 2236 ἐλεξεν

230 2262 416 2328 XXXVIII.
446 2257 512 2328 ’Λεὶ
535 2263 606 2348 μίν,
631 2259 793 2348 ώβουλή,
817 2262 932 2339 ὁσάκις
949 2258 1036 2348 ὑπὲρ
1055 2261 1166 2327 τούτων

85 2439 89 2448 .
127 2392 153 2431 20
164 2369 336 2454 προύτέθη
360 2371 473 2453 λόγος,
502 2368 555 2434 ἐπὶ
578 2379 636 2454 τῆς
659 2371 761 2455 αὐτῆς
783 2367 851 2454 εἰμὶ
873 2369 1022 2453 γνώμης,
1046 2369 1091 2454 μὴ
1114 2367 1165 2432 ἐπι-

162 2474 295 2560 τρέπειν
328 2483 372 2563 τῷ
406 2477 500 2562 δήμω
533 2473 639 2560 μηδὲν
671 2487 739 2541 τῶν
768 2474 993 2560 ἀξιουμένων,
1028 2475 1046 2540 ὅ
1076 2499 1107 2538 τι
1132 2473 1165 2556 μὴ

162 2585 307 2666 νόμιμον
340 2578 424 2666 μηδὲ
455 2584 575 2665 καλόν,
609 2586 689 2667 μήτε
717 2584 755 2647 τὸ
784 2584 941 2667 φρόνημα
969 2591 1029 2666 τῆς
1056 2584 1166 2652 πόλεως

164 2688 337 2771 ἐλαττοῦν,
368 2686 423 2753 καὶ
457 2685 537 2753 οὐδὲ
565 2697 630 2753 νῦν
657 2689 891 2774 μεταγινώσκω
920 2697 989 2754 τῶν
1019 2687 1051 2766 ἐξ
1081 2687 1165 2771 ἀρχῆς

163 2819 220 2878 μοι
253 2792 429 2879 φανέντων
458 2794 574 2860 οὐδέν·
606 2795 627 2880 ἢ
654 2795 791 2860 πάντων
819 2793 861 2859 δν
884 2800 963 2878 είην
990 2793 1165 2878 ἀνθρώπω

127 2923 153 2963 ιε
164 2899 420 2985 ἀφρονέστατος,
444 2903 476 2966 εί
496 2900 616 2985 πέρυσι
640 2898 702 2986 μὲν
725 2903 849 2978 ὕπατος
873 2901 921 2965 ών
944 2900 1164 2986 ἀντιπράττω-

43 3033 71 3083 ,>
162 3011 219 3085 τός
238 3032 294 3092 μοι
312 3017 373 3073 τοῦ
391 3009 584 3074 συνυπάτου
603 3007 736 3074 καὶτὸν
755 3008 863 3093 δῆμον
882 3005 1120 3094 ἐπισείοντος’
1104 3027 1164 3069 αντ-

234 3165 374 3219 θόιπεδει
370 3167 444 3230 ’ξατο
468 3165 514 3219 Ba
604 3173 620 3218 4
644 3165 815 3236 Αύρούσκυις
839 3163 861 3216 Β
954 3158 1095 3233 ῦέφ’ύμ
1097 3158 1162 3215 ῶνΟ

163 3231 230 3301 μεθ
251 3236 311 3303 ῦμῦ
291 3256 330 3290 ων
354 3235 456 3304 Sylbur
548 3232 703 3326 Ιοξωςέκ
722 3235 795 3292 όνων
814 3231 891 3288 A?
891 3255 929 3298 ως
946 3228 1163 3304 ἡμωνΒει

163 3253 268 3371 ἐγγόνω
247 3324 286 3358 ων
305 3305 351 3358 Bb
389 3253 522 3376 ἐωςέγ
473 3303 581 3430 γὸόνων
599 3306 660 3375 ἡμω
617 3257 795 3362 ωώκννώ
785 3313 817 3361 13
837 3305 946 3374 ἄνδρας
965 3308 1029 3360 ante
1048 3249 1163 3394 άγαθονέ

164 3372 343 3428 inserendum
362 3391 464 3430 εεεεο.
507 3376 574 3430 obet
593 3376 697 3447 Obs.p
699 3383 772 3434 ,118
861 3383 895 3432 15
915 3375 1041 3446 μ-όνω
1063 3371 1163 3429 ούτωί

167 3445 200 3491 16
220 3442 328 3509 ἀπεργα
310 3461 365 3496 οιοισ
368 3446 495 3512 ίμεθαο.
515 3396 697 3517 Kiesslingp
732 3455 765 3504 17
785 3448 800 3503 ὁ
820 3447 885 3503 add
904 3447 1009 3502 Reiske
