2400 3912
578 211 742 261 „E-

149 368 250 453 αὐτῆς
277 367 428 449 ἐξουσίας
455 365 494 454 ἧς
517 372 560 435 σι)
582 369 698 455 κύριος
721 371 778 436 ὥν.
824 367 880 435 καί
903 369 921 435 ὁ
944 369 1176 455 Βροῦτος

148 479 360 562 πικρανθείς,
386 477 456 543 Ούκ
479 475 562 562 ἐμοῦ
585 473 630 560 γ’,
654 479 735 561 ἔφη,
761 480 896 560 ζῶντος,
921 473 947 541 ὦ
970 479 1143 556 Κολλατῖνε,

148 584 227 659 τοὺς
249 585 414 668 προδότας
436 593 495 668 τῆς
517 584 678 669 πατρίδος
701 585 847 669 ἰσχύσεις
870 582 1053 662 ἐξελέσθαι·
1082 583 1145 648 ἀλλὰ

147 686 203 755 καί
227 692 269 755 σὺ
293 691 411 768 δύσεις
434 693 528 768 δίκας
550 690 590 768 δς
611 700 778 776 προσῆκεν
801 690 864 757 οὐκ
886 692 934 769 είς
958 689 1092 775 μακράν.

122 811 135 852 ⁵
216 796 255 861 X.
288 793 387 862 Ταῦτ’
411 797 513 862 είπδεν
540 793 596 861 καὶ
621 797 778 881 φυλακὴν
800 808 870 874 τοῖς
893 798 1076 881 μειρακίοις
1096 794 1146 860 ἐπι-

150 903 272 984 στήσας
299 901 408 968 ἐκάλει
430 904 490 968 τὸν
514 904 622 988 δῆμον
644 905 692 982 είς
715 903 900 988 ἐκκλησίαν.
933 905 1147 987 πληρωθείσης

150 1002 187 1072 δὲ
210 1017 267 1092 τῆς
291 1008 413 1093 ἀγορᾶς
436 1011 553 1095 όχλου·
580 1013 782 1096 περιβόητον
809 1012 875 1096 γὰρ
898 1009 963 1075 άνιῖ
985 1009 1049 1093 τὴν
1069 1011 1147 1074 πόλιν

150 1112 232 1196 ὅλην
255 1115 292 1180 τὸ
315 1114 390 1202 περὶ
409 1119 488 1193 τοὺς
506 1118 628 1194 παῖδας
646 1117 751 1183 αὐτοῦ
769 1119 880 1194 πάθος
898 1115 1062 1201 ἐγεγόνει·
1086 1137 1148 1200 προ-

114 1222 261 1366 2ελθύν
288 1245 323 1287 τε
345 1221 401 1289 καὶ
424 1225 503 1300 τοὺς
525 1222 758 1309 ἐντιμοτάτους
780 1235 849 1290 τῶν
872 1223 909 1290 ἐν
932 1230 977 1311 τῷ
1001 1219 1147 1309 συνεδρίῳ

111 1379 137 1419 10
150 1329 444 1414 παραστησάμενος
467 1329 555 1409 ἔλεξε
577 1332 704 1397 τοιάδε·
738 1328 947 1415 Ἐβουλόμην
968 1326 1032 1414 μὲν
1054 1330 1107 1410 άν,
1131 1323 1148 1390 ὦ

152 1434 298 1520 [ἄνδρες]
322 1441 465 1520 πολῖται,
489 1437 699 1505 Κολλατῖνον
721 1435 856 1505 τουτονὶ
878 1438 938 1502 τὸν
958 1436 1149 1522 συνάρχοντα

149 1538 224 1626 περὶ
260 1542 396 1608 πάντων
428 1566 485 1628 μοι
516 1543 621 1609 ταύτὰ
652 1557 794 1630 φρονεῖν
827 1542 883 1610 καὶ
917 1544 962 1628 μὴ
997 1550 1043 1630 τῷ
1079 1546 1149 1628 λόγῳ

149 1649 271 1730 μόνον,
304 1646 387 1715 ἀλλά
419 1646 474 1714 καί
501 1661 571 1726 τοῖς
599 1653 709 1734 ἔργοις
736 1661 847 1734 μισεῖν
873 1651 953 1727 τοὺς
980 1650 1150 1733 τυράννους

150 1749 205 1816 καὶ
234 1759 404 1838 πολεμεῖν·
442 1752 512 1821 ἐπεὶ
546 1753 583 1820 δὲ
612 1754 771 1821 τάναντία
798 1765 938 1840 φρονῶν
965 1753 1087 1838 γέγονέ
1108 1777 1150 1838 μοι

109 1873 136 1914 15
149 1861 342 1944 καταφανὴς
368 1860 425 1926 καὶ
453 1864 543 1927 ἔστιν
571 1862 612 1927 οὐ
640 1865 747 1948 μόνον
772 1871 813 1949 τῇ
841 1862 943 1947 φύσει
971 1863 1150 1946 Ταρκυνίων

151 1968 325 2049 συγγενής,
349 1966 432 2032 άλλό
454 1965 510 2034 καὶ
529 1976 568 2054 τῇ
588 1968 791 2054 προαιρέσει,
815 1967 998 2051 διαλλαγάς
1015 1991 1050 2032 τε
1067 1967 1151 2053 πράτ-

150 2094 218 2138 των
239 2073 323 2158 πρὸς
346 2073 468 2153 αὐτούς
490 2073 546 2141 καλ
569 2073 643 2140 ἀντὶ
665 2085 734 2140 τῶν
752 2083 849 2161 κοινῇ
869 2077 1109 2162 συμφερόντων
1124 2073 1151 2137 τὸ

150 2175 271 2244 ἑαυτοῦ
304 2191 438 2245 σκοπῶν
471 2181 652 2265 λυσιτελές,
691 2180 790 2258 αὐτός
821 2205 856 2246 τε
889 2182 1034 2247 κωλύειν
1065 2181 1163 2246 αύτὸνῖ

149 2285 417 2371 παρεσκεύασμαι
453 2287 609 2373 πράττειν
641 2287 662 2351 δ
694 2288 777 2353 κατὰ
814 2298 899 2353 νοῦν
937 2289 1004 2372 ἔχει
1038 2287 1154 2370 πονηρά

111 2405 137 2446 20
152 2391 242 2473 όντα,
265 2390 321 2457 καὶ
343 2392 429 2478 ὑμᾶς
452 2391 505 2458 ἐπί
528 2395 634 2481 τούτω
653 2392 875 2480 παρεκάλεσα·
899 2393 1020 2480 φράσω
1040 2392 1070 2458 δ’
1087 2393 1153 2476 ὑμῖν

151 2507 283 2581 πρῶτον
307 2494 424 2583 <μὲν>,
447 2497 484 2563 ἐν
509 2491 558 2576 οἷς
582 2499 712 2583 ἐγένετο
735 2499 907 2575 κινδύνοις
930 2502 971 2564 τὰ
993 2500 1153 2585 πράγματα

150 2610 207 2685 τῆς
225 2605 362 2686 πόλεως,
382 2607 493 2669 ἔπειτα
510 2615 581 2682 πῶς
598 2605 712 2682 αὐτοῖς
728 2604 881 2690 ἑκάτερος
894 2605 990 2690 ἡμῶν
1004 2606 1153 2692 κέχρηται.

115 2706 137 2770 3
152 2718 218 2773 τῶν
232 2714 377 2776 πολιτῶν
390 2733 479 2788 τινες
492 2714 714 2790 συνελθόντες
728 2714 775 2789 είς
789 2712 851 2796 τὴν
860 2711 1046 2778 Ἀκυλλίων
1060 2715 1154 2778 οίκίαν

150 2823 217 2880 τῶν
250 2815 285 2881 ἐκ
316 2825 374 2900 τῆς
401 2819 612 2884 Κολλατίνου
642 2820 831 2901 γεγονότων
859 2817 1022 2902 ἀδελφῆς,
1055 2819 1089 2884 ἐν
1114 2810 1154 2892 οἷς

112 2935 138 2978 2⁵
152 2916 238 3004 ἦσαν
262 2919 346 2988 οἵτ’
368 2920 441 3007 ἐμοὶ
464 2925 580 3001 παῖδες
603 2924 786 3010 ἀμφότεροι
808 2923 865 2989 καὶ
883 2925 919 2989 οί
934 2934 993 3009 τῆς
1012 2927 1155 3010 γυναικὸς

220 3119 237 3166 4
257 3114 290 3178 ἃς
309 3133 352 3171 σοι
372 3114 393 3170 0
412 3117 525 3184 praeter
543 3115 566 3168 B
591 3119 596 3186 Ι
620 3123 764 3186 προσῆκον
784 3134 806 3172 c.
827 3117 932 3172 Reiske
968 3119 1099 3188 προσήκει
1116 3116 1155 3172 vel

150 3191 292 3252 προσῆκον
312 3203 334 3241 ο.
348 3184 479 3238 Hertlein
492 3186 609 3239 Hermes
623 3187 649 3241 X
658 3192 712 3242 414
769 3195 784 3244 8
804 3189 957 3258 παρελθὼν
972 3189 1096 3246 Hertlein
1108 3188 1125 3242 l.
1139 3187 1154 3240 l.

153 3260 186 3305 10
206 3251 257 3320 μὲν
276 3255 311 3322 δὴ
331 3251 352 3308 ὦ
371 3256 473 3325 ἄνδρες
491 3257 517 3308 Α
553 3256 588 3324 δὴ
610 3257 673 3312 add.
692 3275 728 3314 m.
749 3276 773 3326 a,
793 3257 845 3328 μὲν
864 3259 1009 3328 άνδρεςΒ
1047 3259 1081 3316 διν
1097 3259 1153 3312 αδδ.

157 3319 246 3374 Cobet
264 3323 328 3378 Obs.
347 3343 374 3392 p.
389 3332 423 3379 96
442 3325 492 3392 qui
506 3325 608 3395 ἄνδρες
622 3327 712 3394 δελετε
730 3333 903 3385 Κολλατῖνον
918 3329 974 3385 del.
989 3330 1077 3387 Cobet
1088 3329 1104 3382 1.
1118 3330 1134 3381 l.
1151 3356 1152 3387 ι

156 3387 205 3440 τὸν
224 3388 315 3458 ἄνδρα
334 3394 508 3463 συνάρχοντα
527 3395 595 3451 όντιι
615 3396 637 3451 Ο
655 3400 770 3466 praeter
787 3399 810 3452 B
877 3407 910 3454 12
930 3403 1017 3471 *περὶ
1036 3400 1155 3456 ἁπάντων

160 3454 182 3508 Ο
254 3464 287 3510 21
308 3458 358 3526 μὲν
377 3463 439 3517 add.
458 3464 602 3534 Kiessling
