2400 3912
479 213 642 264 -Δ-
1026 209 1070 274 23

64 375 136 450 τούς
156 373 318 458 φυγάδας.
353 372 394 436 τά
416 372 497 457 μετά
514 379 617 438 ταῦτα
635 370 756 447 πάντες
774 375 843 437 ῖστε
863 372 982 454 δήπου,
1005 369 1105 437 κδν4

21 479 125 563 θεῖέγὼ
150 479 193 563 μὴ
226 475 328 562 λέγω,
366 478 418 544 ὅτι
444 478 596 564 Μάρκιοι
623 480 928 563 συλλαμβανόντων
956 476 1069 556 αὐτοῖς

61 595 122 652 τῶν
142 588 325 672 πατρικίων
346 586 566 669 κατασχόντες
586 586 628 650 τά
649 583 825 670 πράγματα
849 583 924 670 δίχα
946 587 1066 669 πόνου,

60 703 184 778 πρῶτον
216 688 278 777 μὲν
306 687 363 776 έμὲ
392 692 452 757 τὸν
479 691 613 775 φύλακα
639 700 707 756 τῶν
734 689 899 775 βασιλέων
926 688 982 756 καὶ
1009 692 1069 768 τδς

59 797 123 864 κατ’
148 799 259 864 αὐτῶν
291 797 565 886 ἐπιτελεσάμενον
593 797 687 875 δίκας
716 799 854 882 ἔμελλον
882 796 1093 883 άναρπάσε-5

58 911 147 988 σθαι,
170 906 284 970 ἔπειτα
304 901 401 970 ταυτὶ
422 904 463 968 τά
485 903 602 968 παιδία
623 900 679 968 καὶ
702 905 780 981 τοὺς
802 903 924 980 ἄλλους
947 918 1066 986 συγγε-

59 1021 120 1088 νεῖς
140 1009 250 1077 τεκαὶ
269 1013 391 1096 φίλους
408 1010 598 1095 Ταρκυνίου
616 1008 742 1086 πάντας
760 1008 928 1095 ἀρεῖσθαι·
951 1019 1067 1092 γυναῖ-

57 1141 110 1195 κας
136 1115 166 1182 δ’
190 1116 287 1203 ἡμῶν
314 1114 371 1183 καὶ
397 1113 540 1201 μητέρας
567 1113 623 1181 καὶ
649 1116 839 1201 θυγατέρας
861 1112 916 1180 καὶ
938 1123 1006 1180 πᾶν
1027 1117 1066 1180 τὸ

57 1227 139 1305 θῆλυ
165 1221 265 1306 γε’νος
292 1220 329 1287 έν
357 1221 581 1306 ἀνδραπόδων
608 1224 813 1304 ποιήσασθαι
840 1223 944 1308 λόγῳ,
977 1222 1065 1286 πολὺ

56 1330 89 1392 τὸ
113 1328 282 1415 θηριῶδες
309 1329 440 1412 ἔχοντες
463 1325 500 1391 έν
522 1333 562 1410 τῇ
586 1326 687 1410 φύσει
708 1323 763 1391 καὶ
785 1327 997 1410 τυραννικόν.
1035 1326 1067 1390 el
1079 1304 1106 1418 ᾗ,

57 1431 111 1518 μὲν
129 1430 191 1500 οὖν
209 1431 267 1500 καὶ
285 1433 366 1518 ὑμῖν
383 1440 487 1497 ταῦτα
505 1429 723 1516 βουλομένοις
742 1431 843 1515 έστέν,
867 1427 893 1496 ὦ
914 1432 1066 1515 δημόται,

57 1543 127 1617 τοὺς
152 1538 215 1627 μὲν
244 1539 482 1625 ἀνδροφόνους
509 1538 664 1620 κατάγειν
686 1535 742 1603 καὶ
763 1541 910 1621 βασιλεῖς
933 1537 1066 1602 ἀποδει-

55 1648 177 1730 κνύναι,
200 1648 283 1722 τοὺς
306 1641 344 1710 δέ
365 1653 433 1708 τῶν
456 1643 638 1730 εὐεργετῶν
660 1644 782 1720 παῖδας
804 1641 992 1721 ἐξελαύνειν
1010 1642 1066 1710 καὶ

56 1753 110 1834 την
134 1752 199 1817 ὑπὸ
227 1758 291 1823 τοῦ
317 1749 453 1815 πάππου
480 1754 763 1834 καταλειφθεῖσαν
786 1748 892 1834 ἀρχὴν
915 1749 1067 1837 ἀφαιρεῖ-

57 1865 139 1942 σθαι,
162 1855 345 1943 στέρξομεν
367 1857 430 1940 τὴν
447 1856 560 1940 τύχην.
593 1855 677 1920 ἀλλὰ
694 1856 778 1941 πρὸς
797 1855 953 1921 ἁπάντων
971 1862 1063 1922 θεῶν
1078 1869 1104 1912 15

55 1986 86 2028 τε
109 1963 162 2030 καὶ
189 1965 380 2048 δαιμόνων,
409 1963 484 2028 ὅσοι
509 1962 569 2026 τὸν
597 1960 818 2047 ἀνθρώπινον
842 1960 1062 2028 ἐποπτεύουσι

55 2072 137 2154 βίον,
169 2069 276 2135 λκέται
305 2069 426 2146 πάντες
452 2068 548 2152 ὑμῶν
575 2069 749 2152 γινόμενοι
777 2070 841 2133 σὺν
868 2066 1005 2151 γυναιξί
1027 2091 1064 2134 τε

56 2173 105 2239 καὶ
128 2174 259 2252 τέκνοις
285 2173 360 2240 ἀντὶ
387 2179 521 2240 πολλῶν
549 2171 625 2258 μέν,
659 2168 707 2239 ὧν
738 2173 923 2259 Ταρκύνιος
951 2173 969 2238 δ
996 2185 1064 2239 τῶν

55 2284 187 2349 παιδίων
211 2281 346 2358 πάππος
369 2276 407 2345 εύ
429 2289 537 2345 ποιῶν
559 2279 645 2364 ὑμᾶς
668 2278 862 2362 διετέλεσεν,
886 2276 961 2343 ἀντὶ
983 2285 1064 2345 πολ-

14 2391 118 2452 οουλύν
149 2387 203 2472 δέ,
239 2382 287 2453 ὧν
320 2385 419 2463 αὐτὸς
451 2385 515 2467 ἐγὼ
547 2387 629 2451 κατά
655 2387 717 2468 την
744 2384 889 2470 έμαυτυύ
917 2385 1063 2470 δύναμιν
1077 2403 1103 2444 ευ

55 2494 207 2581 έγενόμην
241 2493 324 2576 ύμῖν
356 2493 534 2579 χρήσιμος,
567 2490 724 2576 ἀξιοῦμεν
753 2491 839 2576 ὑμᾶς
871 2493 950 2576 μίαν
981 2491 1062 2576 ἡμῖν

54 2600 164 2668 δοῦναι
196 2601 324 2683 ταύτην
357 2597 503 2684 δωρεάν,
536 2599 687 2685 φανεράν
717 2606 852 2682 ποιῆσαι
878 2599 940 2682 τὴν
967 2598 1062 2684 ὑμῶν

52 2706 154 2774 αὐτῶν
182 2706 333 2790 γνώμην.
371 2705 403 2768 εἰ
429 2704 492 2789 γάρ
520 2699 653 2789 ἑτέρους
680 2705 772 2782 τινας
795 2701 1096 2792 άξιονικοτέρουςθ

50 2810 138 2896 ἡμῶν
169 2812 377 2894 ὑπειλήφατε
405 2803 491 2874 εἶναι
518 2810 638 2892 ταύτης
665 2817 724 2892 τῆς
750 2819 846 2894 τιμῆς
872 2810 1060 2896 τυγχάνειν,

115 3045 131 3093 5
149 3037 378 3108 ἀναρπάσασθαι
395 3035 417 3090 Ο
437 3052 507 3091 corr.
522 3034 612 3090 Cobet
625 3034 691 3090 Obs.
705 3054 732 3106 p.
748 3042 781 3091 77
800 3035 929 3090 Hertlein
941 3036 1059 3091 Hermes

50 3107 133 3164 X412
215 3106 458 3178 λαλρεῐσθαιΒο
495 3104 641 3176 αἱρεῖσθαι
654 3106 699 3160 Ba
731 3107 952 3176 ἀναιρεῖσθαιΗ
984 3109 1062 3179 άρεῖ-

50 3181 115 3234 σθαι
132 3179 224 3235 Cobet
239 3180 304 3236 obs.
319 3198 346 3249 p.
362 3185 396 3234 78
433 3179 598 3234 ἀνελεῖσθαι
616 3176 745 3231 Hertlein
763 3177 880 3232 Hermes
899 3177 925 3231 X
938 3185 990 3232 412
1044 3185 1060 3236 8

49 3249 140 3320 δήμων
158 3250 183 3303 Β
257 3256 290 3304 11
310 3249 360 3304 καὶ
379 3249 443 3304 add.
462 3249 486 3302 Β
502 3252 507 3318 Ι
527 3245 630 3318 δημότε
645 3247 702 3314 Βος
727 3246 892 3317 saepissime
910 3265 961 3318 pro
981 3271 1012 3305 αι
1030 3251 1061 3306 in

50 3318 92 3373 Βο
114 3321 221 3391 legitur
240 3341 267 3389 ε,
290 3321 367 3390 quod
384 3319 505 3389 posthac
523 3336 581 3374 non
598 3319 704 3373 notabo
788 3324 822 3374 14
840 3321 1061 3391 καταλιφθήσαν

49 3387 91 3444 Ba
147 3398 198 3517 z15
216 3395 344 3516 τεᾶὲειέν
363 3391 412 3446 καλ
430 3391 483 3445 ΑΒ
549 3397 580 3445 17
600 3388 714 3445 πάντων
733 3407 755 3444 ο.
775 3389 879 3446 Reiske
896 3391 900 3463 Ι
916 3412 946 3448 τε
965 3395 1061 3450 οοαΒ

81 3467 114 3518 24
131 3479 244 3518 εναιυ
287 3504 292 3517 .
