<?xml version="1.0" encoding="UTF-8"?>
<!DOCTYPE html PUBLIC "-//W3C//DTD XHTML 1.0 Transitional//EN"
    "http://www.w3.org/TR/xhtml1/DTD/xhtml1-transitional.dtd">
<html xmlns="http://www.w3.org/1999/xhtml" xml:lang="en" lang="en">
 <head>
  <title>
</title>
<meta http-equiv="Content-Type" content="text/html;charset=utf-8" />
  <meta name='ocr-system' content='tesseract 3.04.00' />
  <meta name='ocr-capabilities' content='ocr_page ocr_carea ocr_par ocr_line ocrx_word'/>
</head>
<body>
  <div class='ocr_page' id='page_1' title='image "./antiquitatumrom01jacogoog_0270.png"; bbox 0 0 2384 3902; ppageno 0'>
   <div class='ocr_carea' id='block_1_1' title="bbox 360 829 696 1056">
    <p class='ocr_par' dir='ltr' id='par_1_1' title="bbox 360 829 696 1056">
     <span class='ocr_line' id='line_1_1' title="bbox 360 829 696 906; baseline -0.003 -2"><span class='ocrx_word' id='word_1_1' title='bbox 360 829 696 906; x_wconf 85' lang='grc' dir='ltr'>ΔΙΟΝΥΣΙΟῩ</span> 
     </span>
     <span class='ocr_line' id='line_1_2' title="bbox 384 1001 667 1056; baseline -0.007 0"><span class='ocrx_word' id='word_1_2' title='bbox 384 1001 667 1056; x_wconf 62' lang='lat' dir='ltr'><strong><em>mmmm-22</em></strong></span> 
     </span>
    </p>
   </div>
   <div class='ocr_carea' id='block_1_2' title="bbox 177 1141 867 1356">
    <p class='ocr_par' dir='ltr' id='par_1_2' title="bbox 177 1141 867 1356">
     <span class='ocr_line' id='line_1_3' title="bbox 177 1141 867 1210; baseline -0.003 0"><span class='ocrx_word' id='word_1_3' title='bbox 177 1141 452 1210; x_wconf 76' lang='grc' dir='ltr'>ΡΩΜΑΙΚΗΣ</span> <span class='ocrx_word' id='word_1_4' title='bbox 477 1141 867 1210; x_wconf 84' lang='grc' dir='ltr'><strong>ΑΡΧΑΙΟΛΟΓΙΑΣ</strong></span> 
     </span>
     <span class='ocr_line' id='line_1_4' title="bbox 388 1301 664 1356; baseline 0.011 -3"><span class='ocrx_word' id='word_1_5' title='bbox 388 1301 515 1354; x_wconf 71' lang='grc' dir='ltr'><strong><em>Λονοε</em></strong></span> <span class='ocrx_word' id='word_1_6' title='bbox 534 1301 664 1356; x_wconf 65' lang='lat' dir='ltr'><strong><em>mon.</em></strong></span> 
     </span>
    </p>
   </div>
   <div class='ocr_carea' id='block_1_3' title="bbox 15 1582 1072 3052">
    <p class='ocr_par' dir='ltr' id='par_1_3' title="bbox 15 1582 1072 3052">
     <span class='ocr_line' id='line_1_5' title="bbox 85 1582 1031 1674; baseline -0.002 -24"><span class='ocrx_word' id='word_1_7' title='bbox 85 1585 129 1650; x_wconf 87' lang='grc' dir='ltr'><strong><em>Οί</em></strong></span> <span class='ocrx_word' id='word_1_8' title='bbox 154 1582 191 1651; x_wconf 89' lang='grc' dir='ltr'><strong><em>δ’</em></strong></span> <span class='ocrx_word' id='word_1_9' title='bbox 214 1584 251 1651; x_wconf 75' lang='grc' dir='ltr'><strong><em>ἐν</em></strong></span> <span class='ocrx_word' id='word_1_10' title='bbox 278 1593 324 1673; x_wconf 76' lang='grc' dir='ltr'><strong><em>τῷ</em></strong></span> <span class='ocrx_word' id='word_1_11' title='bbox 352 1587 493 1651; x_wconf 98' lang='grc' dir='ltr'><strong><em>κατόπιν</em></strong></span> <span class='ocrx_word' id='word_1_12' title='bbox 522 1583 661 1674; x_wconf 74' lang='grc' dir='ltr'><strong><em>ἐνιαυτῷ</em></strong></span> <span class='ocrx_word' id='word_1_13' title='bbox 690 1586 752 1669; x_wconf 79' lang='grc' dir='ltr'><strong><em>τὴν</em></strong></span> <span class='ocrx_word' id='word_1_14' title='bbox 775 1584 902 1650; x_wconf 79' lang='grc' dir='ltr'><strong><em>ὕπατον</em></strong></span> <span class='ocrx_word' id='word_1_15' title='bbox 925 1583 1031 1669; x_wconf 79' lang='grc' dir='ltr'><strong><em>ἀρχὴν</em></strong></span> 
     </span>
     <span class='ocr_line' id='line_1_6' title="bbox 26 1686 1031 1778; baseline 0.001 -23"><span class='ocrx_word' id='word_1_16' title='bbox 26 1694 276 1778; x_wconf 78' lang='grc' dir='ltr'><strong><em>παραλαβόντες,</em></strong></span> <span class='ocrx_word' id='word_1_17' title='bbox 299 1686 413 1769; x_wconf 81' lang='grc' dir='ltr'><strong><em>Αὖλος</em></strong></span> <span class='ocrx_word' id='word_1_18' title='bbox 426 1691 644 1777; x_wconf 76' lang='grc' dir='ltr'><strong><em>Σεμπρώνιος</em></strong></span> <span class='ocrx_word' id='word_1_19' title='bbox 659 1687 848 1778; x_wconf 75' lang='grc' dir='ltr'><strong><em>Ἀτρατῖνος</em></strong></span> <span class='ocrx_word' id='word_1_20' title='bbox 865 1688 920 1756; x_wconf 78' lang='grc' dir='ltr'><strong><em>καὶ</em></strong></span> <span class='ocrx_word' id='word_1_21' title='bbox 934 1691 1031 1777; x_wconf 89' lang='grc' dir='ltr'><strong><em>Μάρ·</em></strong></span> 
     </span>
     <span class='ocr_line' id='line_1_7' title="bbox 26 1795 1032 1884; baseline 0.002 -24"><span class='ocrx_word' id='word_1_22' title='bbox 26 1821 74 1874; x_wconf 90' lang='grc' dir='ltr'><strong><em>κος</em></strong></span> <span class='ocrx_word' id='word_1_23' title='bbox 86 1799 275 1884; x_wconf 83' lang='grc' dir='ltr'><strong><em>Μηνύκιος,</em></strong></span> <span class='ocrx_word' id='word_1_24' title='bbox 299 1795 352 1863; x_wconf 79' lang='grc' dir='ltr'><strong><em>ἐπὶ</em></strong></span> <span class='ocrx_word' id='word_1_25' title='bbox 370 1806 427 1882; x_wconf 85' lang='grc' dir='ltr'><strong><em>τῆς</em></strong></span> <span class='ocrx_word' id='word_1_26' title='bbox 446 1795 692 1882; x_wconf 75' lang='grc' dir='ltr'><strong><em>ἑβδομηκοστῆς</em></strong></span> <span class='ocrx_word' id='word_1_27' title='bbox 710 1795 765 1863; x_wconf 79' lang='grc' dir='ltr'><strong><em>καὶ</em></strong></span> <span class='ocrx_word' id='word_1_28' title='bbox 782 1797 914 1884; x_wconf 80' lang='grc' dir='ltr'><strong><em>πρώτης</em></strong></span> <span class='ocrx_word' id='word_1_29' title='bbox 932 1796 1032 1882; x_wconf 80' lang='grc' dir='ltr'><strong><em>ὀλυμ</em></strong></span> 
     </span>
     <span class='ocr_line' id='line_1_8' title="bbox 25 1903 1032 1991; baseline 0.002 -24"><span class='ocrx_word' id='word_1_30' title='bbox 25 1906 147 1989; x_wconf 90' lang='grc' dir='ltr'><strong><em>πιάδος,</em></strong></span> <span class='ocrx_word' id='word_1_31' title='bbox 186 1903 230 1990; x_wconf 76' lang='grc' dir='ltr'><strong><em>ἣν</em></strong></span> <span class='ocrx_word' id='word_1_32' title='bbox 267 1904 359 1971; x_wconf 79' lang='grc' dir='ltr'><strong><em>ἐνίκα</em></strong></span> <span class='ocrx_word' id='word_1_33' title='bbox 396 1904 535 1968; x_wconf 89' lang='grc' dir='ltr'><strong><em>στάδιον</em></strong></span> <span class='ocrx_word' id='word_1_34' title='bbox 568 1903 765 1991; x_wconf 79' lang='grc' dir='ltr'><strong><em>Τισικράτης</em></strong></span> <span class='ocrx_word' id='word_1_35' title='bbox 796 1905 1032 1989; x_wconf 83' lang='grc' dir='ltr'><strong><em>Κροτωνιάτης</em></strong></span> 
     </span>
     <span class='ocr_line' id='line_1_9' title="bbox 26 2004 1059 2097; baseline 0.004 -25"><span class='ocrx_word' id='word_1_36' title='bbox 26 2010 176 2095; x_wconf 81' lang='grc' dir='ltr'><strong><em>ἄρχοντος</em></strong></span> <span class='ocrx_word' id='word_1_37' title='bbox 195 2009 380 2094; x_wconf 75' lang='grc' dir='ltr'><strong><em>Ἀθήνησιν</em></strong></span> <span class='ocrx_word' id='word_1_38' title='bbox 399 2004 595 2097; x_wconf 85' lang='grc' dir='ltr'><strong><em>Ἱππάρχου,</em></strong></span> <span class='ocrx_word' id='word_1_39' title='bbox 626 2011 706 2076; x_wconf 86' lang='grc' dir='ltr'><strong><em>ἀλλο</em></strong></span> <span class='ocrx_word' id='word_1_40' title='bbox 735 2006 797 2096; x_wconf 71' lang='grc' dir='ltr'><strong><em>μὲν</em></strong></span> <span class='ocrx_word' id='word_1_41' title='bbox 824 2007 926 2076; x_wconf 76' lang='grc' dir='ltr'><strong><em>οὐδὲν</em></strong></span> <span class='ocrx_word' id='word_1_42' title='bbox 955 2011 1059 2076; x_wconf 54' lang='lat' dir='ltr'><strong><em>obus</em></strong></span> 
     </span>
     <span class='ocr_line' id='line_1_10' title="bbox 25 2114 1031 2204; baseline 0.003 -25"><span class='ocrx_word' id='word_1_43' title='bbox 25 2119 195 2202; x_wconf 87' lang='grc' dir='ltr'><strong><em>πολεμικὸν</em></strong></span> <span class='ocrx_word' id='word_1_44' title='bbox 219 2118 296 2185; x_wconf 76' lang='grc' dir='ltr'><strong><em>οὔτε</em></strong></span> <span class='ocrx_word' id='word_1_45' title='bbox 318 2119 490 2183; x_wconf 88' lang='grc' dir='ltr'><strong><em>πολιτικὸν</em></strong></span> <span class='ocrx_word' id='word_1_46' title='bbox 514 2119 661 2204; x_wconf 77' lang='grc' dir='ltr'><strong><em>ἱστορίας</em></strong></span> <span class='ocrx_word' id='word_1_47' title='bbox 684 2116 777 2196; x_wconf 84' lang='grc' dir='ltr'><strong><em>ἀξιον</em></strong></span> <span class='ocrx_word' id='word_1_48' title='bbox 801 2114 854 2182; x_wconf 78' lang='grc' dir='ltr'><strong><em>ἐπὶ</em></strong></span> <span class='ocrx_word' id='word_1_49' title='bbox 876 2125 933 2200; x_wconf 77' lang='grc' dir='ltr'><strong><em>τῆς</em></strong></span> <span class='ocrx_word' id='word_1_50' title='bbox 957 2115 1031 2182; x_wconf 82' lang='grc' dir='ltr'><strong><em>ἑαυ-</em></strong></span> 
     </span>
     <span class='ocr_line' id='line_1_11' title="bbox 25 2209 1032 2310; baseline 0.004 -26"><span class='ocrx_word' id='word_1_51' title='bbox 25 2232 82 2285; x_wconf 85' lang='grc' dir='ltr'><strong><em>τῶν</em></strong></span> <span class='ocrx_word' id='word_1_52' title='bbox 105 2222 209 2310; x_wconf 79' lang='grc' dir='ltr'><strong><em>ἀρχῆς</em></strong></span> <span class='ocrx_word' id='word_1_53' title='bbox 232 2221 392 2307; x_wconf 76' lang='grc' dir='ltr'><strong><em>ἔπραξαν·</em></strong></span> <span class='ocrx_word' id='word_1_54' title='bbox 425 2224 463 2289; x_wconf 85' lang='grc' dir='ltr'><strong><em>αἵ</em></strong></span> <span class='ocrx_word' id='word_1_55' title='bbox 482 2246 517 2289; x_wconf 87' lang='grc' dir='ltr'><strong><em>τε</em></strong></span> <span class='ocrx_word' id='word_1_56' title='bbox 540 2209 603 2308; x_wconf 78' lang='grc' dir='ltr'><strong><em>γὰρ</em></strong></span> <span class='ocrx_word' id='word_1_57' title='bbox 626 2225 709 2310; x_wconf 88' lang='grc' dir='ltr'><strong><em>πρὸς</em></strong></span> <span class='ocrx_word' id='word_1_58' title='bbox 723 2225 891 2299; x_wconf 84' lang='grc' dir='ltr'><strong><em>Λατίνους</em></strong></span> <span class='ocrx_word' id='word_1_59' title='bbox 913 2221 1032 2308; x_wconf 78' lang='grc' dir='ltr'><strong><em>ἀνοχαὶ</em></strong></span> 
     </span>
     <span class='ocr_line' id='line_1_12' title="bbox 25 2326 1032 2413; baseline 0.005 -24"><span class='ocrx_word' id='word_1_60' title='bbox 25 2331 140 2413; x_wconf 82' lang='grc' dir='ltr'><strong><em>πολλὴν</em></strong></span> <span class='ocrx_word' id='word_1_61' title='bbox 178 2329 292 2407; x_wconf 82' lang='grc' dir='ltr'><strong><em>αὐτοῖς</em></strong></span> <span class='ocrx_word' id='word_1_62' title='bbox 323 2328 388 2394; x_wconf 87' lang='grc' dir='ltr'><strong><em>ἀπὸ</em></strong></span> <span class='ocrx_word' id='word_1_63' title='bbox 420 2340 488 2395; x_wconf 89' lang='grc' dir='ltr'><strong><em>τών</em></strong></span> <span class='ocrx_word' id='word_1_64' title='bbox 520 2328 647 2407; x_wconf 73' lang='grc' dir='ltr'><strong><em>ἔξωθεν</em></strong></span> <span class='ocrx_word' id='word_1_65' title='bbox 678 2326 832 2412; x_wconf 81' lang='grc' dir='ltr'><strong><em>πολέμων</em></strong></span> <span class='ocrx_word' id='word_1_66' title='bbox 855 2326 1032 2413; x_wconf 70' lang='grc' dir='ltr'><strong><em>’παρέσχον</em></strong></span> 
     </span>
     <span class='ocr_line' id='line_1_13' title="bbox 15 2434 1030 2522; baseline 0.006 -29"><span class='ocrx_word' id='word_1_67' title='bbox 15 2435 152 2519; x_wconf 73' lang='grc' dir='ltr'><strong><em>λείρηνην</em></strong></span> <span class='ocrx_word' id='word_1_68' title='bbox 181 2436 202 2519; x_wconf 78' lang='grc' dir='ltr'><strong><em>ἥ</em></strong></span> <span class='ocrx_word' id='word_1_69' title='bbox 230 2459 265 2500; x_wconf 89' lang='grc' dir='ltr'><strong><em>τε</em></strong></span> <span class='ocrx_word' id='word_1_70' title='bbox 293 2444 350 2519; x_wconf 78' lang='grc' dir='ltr'><strong><em>τῆς</em></strong></span> <span class='ocrx_word' id='word_1_71' title='bbox 377 2434 590 2522; x_wconf 80' lang='grc' dir='ltr'><strong><em>ἀναπράξεως</em></strong></span> <span class='ocrx_word' id='word_1_72' title='bbox 616 2445 683 2501; x_wconf 83' lang='grc' dir='ltr'><strong><em>τῶν</em></strong></span> <span class='ocrx_word' id='word_1_73' title='bbox 709 2436 854 2500; x_wconf 84' lang='grc' dir='ltr'><strong><em>δανείων</em></strong></span> <span class='ocrx_word' id='word_1_74' title='bbox 876 2434 1030 2518; x_wconf 91' lang='grc' dir='ltr'><strong><em>κώλυσις,</em></strong></span> 
     </span>
     <span class='ocr_line' id='line_1_14' title="bbox 25 2538 1072 2627; baseline 0.004 -24"><span class='ocrx_word' id='word_1_75' title='bbox 25 2538 59 2620; x_wconf 77' lang='grc' dir='ltr'><strong><em>ἣν</em></strong></span> <span class='ocrx_word' id='word_1_76' title='bbox 80 2539 267 2626; x_wconf 80' lang='grc' dir='ltr'><strong><em>ἐψηφίσατο</em></strong></span> <span class='ocrx_word' id='word_1_77' title='bbox 290 2539 312 2623; x_wconf 74' lang='grc' dir='ltr'><em>ἡ</em></span> <span class='ocrx_word' id='word_1_78' title='bbox 336 2543 452 2625; x_wconf 79' lang='grc' dir='ltr'><strong><em>βουλή,</em></strong></span> <span class='ocrx_word' id='word_1_79' title='bbox 476 2539 557 2618; x_wconf 82' lang='grc' dir='ltr'><strong><em>τέως</em></strong></span> <span class='ocrx_word' id='word_1_80' title='bbox 580 2539 622 2605; x_wconf 82' lang='grc' dir='ltr'><strong><em>ἀν</em></strong></span> <span class='ocrx_word' id='word_1_81' title='bbox 642 2540 660 2606; x_wconf 85' lang='grc' dir='ltr'>ὁ</span> <span class='ocrx_word' id='word_1_82' title='bbox 678 2541 955 2627; x_wconf 79' lang='grc' dir='ltr'><strong><em>προσδοκώμενος</em></strong></span> <span class='ocrx_word' id='word_1_83' title='bbox 972 2544 1031 2607; x_wconf 91' lang='grc' dir='ltr'><strong><em>πό-</em></strong></span> <span class='ocrx_word' id='word_1_84' title='bbox 1046 2560 1072 2600; x_wconf 88' lang='lat'><strong><em>10</em></strong></span> 
     </span>
     <span class='ocr_line' id='line_1_15' title="bbox 26 2639 1031 2732; baseline 0.005 -24"><span class='ocrx_word' id='word_1_85' title='bbox 26 2649 111 2730; x_wconf 85' lang='grc' dir='ltr'><strong><em>λεμος</em></strong></span> <span class='ocrx_word' id='word_1_86' title='bbox 134 2647 184 2724; x_wconf 87' lang='grc' dir='ltr'><strong><em>είς</em></strong></span> <span class='ocrx_word' id='word_1_87' title='bbox 207 2639 355 2730; x_wconf 69' lang='grc' dir='ltr'><strong><em>ἀσφαλὲς</em></strong></span> <span class='ocrx_word' id='word_1_88' title='bbox 377 2649 462 2732; x_wconf 73' lang='grc' dir='ltr'><strong><em>ἔλθη</em></strong></span> <span class='ocrx_word' id='word_1_89' title='bbox 485 2645 589 2730; x_wconf 82' lang='grc' dir='ltr'><strong><em>τέλος,</em></strong></span> <span class='ocrx_word' id='word_1_90' title='bbox 613 2649 735 2712; x_wconf 81' lang='grc' dir='ltr'><strong><em>ἔπαυσε</em></strong></span> <span class='ocrx_word' id='word_1_91' title='bbox 758 2648 838 2724; x_wconf 85' lang='grc' dir='ltr'><strong><em>τοὺς</em></strong></span> <span class='ocrx_word' id='word_1_92' title='bbox 856 2646 949 2724; x_wconf 78' lang='grc' dir='ltr'><strong><em>ἐντὸς</em></strong></span> <span class='ocrx_word' id='word_1_93' title='bbox 967 2651 1031 2713; x_wconf 91' lang='grc' dir='ltr'><strong><em>τεί-</em></strong></span> 
     </span>
     <span class='ocr_line' id='line_1_16' title="bbox 26 2751 1032 2840; baseline 0.005 -24"><span class='ocrx_word' id='word_1_94' title='bbox 26 2775 94 2834; x_wconf 83' lang='grc' dir='ltr'><strong><em>χους</em></strong></span> <span class='ocrx_word' id='word_1_95' title='bbox 110 2752 366 2839; x_wconf 82' lang='grc' dir='ltr'><strong><em>νεωτερισμούς,</em></strong></span> <span class='ocrx_word' id='word_1_96' title='bbox 391 2751 450 2830; x_wconf 84' lang='grc' dir='ltr'><strong><em>οὓς</em></strong></span> <span class='ocrx_word' id='word_1_97' title='bbox 468 2751 644 2819; x_wconf 76' lang='grc' dir='ltr'><strong><em>ἐποιοῦντο</em></strong></span> <span class='ocrx_word' id='word_1_98' title='bbox 664 2754 699 2819; x_wconf 80' lang='grc' dir='ltr'><strong><em>ολ</em></strong></span> <span class='ocrx_word' id='word_1_99' title='bbox 714 2753 851 2839; x_wconf 82' lang='grc' dir='ltr'><strong><em>πένητες</em></strong></span> <span class='ocrx_word' id='word_1_100' title='bbox 868 2754 1032 2840; x_wconf 79' lang='grc' dir='ltr'><strong><em>ἀφεῖσθαι</em></strong></span> 
     </span>
     <span class='ocr_line' id='line_1_17' title="bbox 27 2856 1065 2946; baseline 0.004 -26"><span class='ocrx_word' id='word_1_101' title='bbox 27 2868 82 2922; x_wconf 85' lang='grc' dir='ltr'><strong><em>τῶν</em></strong></span> <span class='ocrx_word' id='word_1_102' title='bbox 103 2869 214 2946; x_wconf 83' lang='grc' dir='ltr'><strong><em>χρεών</em></strong></span> <span class='ocrx_word' id='word_1_103' title='bbox 237 2857 406 2936; x_wconf 83' lang='grc' dir='ltr'><strong><em>ἀξιοῦντες</em></strong></span> <span class='ocrx_word' id='word_1_104' title='bbox 431 2860 587 2946; x_wconf 81' lang='grc' dir='ltr'><strong><em>δημοσίᾳ·</em></strong></span> <span class='ocrx_word' id='word_1_105' title='bbox 620 2861 728 2945; x_wconf 79' lang='grc' dir='ltr'><strong><em>δόγμα</em></strong></span> <span class='ocrx_word' id='word_1_106' title='bbox 752 2856 789 2925; x_wconf 69' lang='grc' dir='ltr'><strong><em>δὲ</em></strong></span> <span class='ocrx_word' id='word_1_107' title='bbox 812 2863 935 2946; x_wconf 77' lang='grc' dir='ltr'><strong><em>βουλῆς</em></strong></span> <span class='ocrx_word' id='word_1_108' title='bbox 958 2862 1065 2928; x_wconf 81' lang='grc' dir='ltr'><strong><em>ἑκά-2</em></strong></span> 
     </span>
     <span class='ocr_line' id='line_1_18' title="bbox 28 2963 1032 3052; baseline 0.005 -26"><span class='ocrx_word' id='word_1_109' title='bbox 28 2980 128 3042; x_wconf 86' lang='grc' dir='ltr'><strong><em>ροσαν</em></strong></span> <span class='ocrx_word' id='word_1_110' title='bbox 144 2963 399 3048; x_wconf 75' lang='grc' dir='ltr'><strong><em>ἐπιεικέστατον,</em></strong></span> <span class='ocrx_word' id='word_1_111' title='bbox 419 2967 578 3042; x_wconf 87' lang='grc' dir='ltr'><strong><em>Λατίνοις</em></strong></span> <span class='ocrx_word' id='word_1_112' title='bbox 592 2964 756 3052; x_wconf 87' lang='grc' dir='ltr'><strong><em>ἀνδράσιν</em></strong></span> <span class='ocrx_word' id='word_1_113' title='bbox 770 2971 804 3031; x_wconf 80' lang='grc' dir='ltr'><strong><em>εί</em></strong></span> <span class='ocrx_word' id='word_1_114' title='bbox 813 2988 900 3043; x_wconf 85' lang='grc' dir='ltr'><strong><em>τινες</em></strong></span> <span class='ocrx_word' id='word_1_115' title='bbox 914 2968 1032 3051; x_wconf 82' lang='grc' dir='ltr'><strong><em>ἔτυχον</em></strong></span> 
     </span>
    </p>
   </div>
   <div class='ocr_carea' id='block_1_4' title="bbox 29 3144 1032 3396">
    <p class='ocr_par' dir='ltr' id='par_1_4' title="bbox 29 3144 1032 3396">
     <span class='ocr_line' id='line_1_19' title="bbox 88 3144 1032 3246; baseline 0 -18"><span class='ocrx_word' id='word_1_116' title='bbox 88 3151 274 3230; x_wconf 72' lang='grc' dir='ltr'>ΔΙΟΝΥίλΟΥ</span> <span class='ocrx_word' id='word_1_117' title='bbox 286 3144 394 3229; x_wconf 71' lang='grc' dir='ltr'>ἕΚΤΟΕ</span> <span class='ocrx_word' id='word_1_118' title='bbox 407 3173 460 3228; x_wconf 84' lang='grc' dir='ltr'><strong><em>ΑΒ</em></strong></span> <span class='ocrx_word' id='word_1_119' title='bbox 517 3174 749 3246; x_wconf 81' lang='grc' dir='ltr'><strong><em>4Κροτωνιάτης</em></strong></span> <span class='ocrx_word' id='word_1_120' title='bbox 763 3173 854 3229; x_wconf 89' lang='lat' dir='ltr'>om.B</span> <span class='ocrx_word' id='word_1_121' title='bbox 911 3180 943 3229; x_wconf 88' lang='grc'><strong><em>10</em></strong></span> <span class='ocrx_word' id='word_1_122' title='bbox 960 3172 1032 3238; x_wconf 78' lang='grc' dir='ltr'><strong><em>*ἕως</em></strong></span> 
     </span>
     <span class='ocr_line' id='line_1_20' title="bbox 29 3239 1032 3315; baseline 0.008 -23"><span class='ocrx_word' id='word_1_123' title='bbox 29 3239 171 3299; x_wconf 79' lang='lat' dir='ltr'>Ocorrexi</span> <span class='ocrx_word' id='word_1_124' title='bbox 264 3251 296 3299; x_wconf 91' lang='lat'><strong><em>11</em></strong></span> <span class='ocrx_word' id='word_1_125' title='bbox 322 3242 393 3315; x_wconf 79' lang='grc' dir='ltr'><strong><em>ἔλθη</em></strong></span> <span class='ocrx_word' id='word_1_126' title='bbox 416 3245 517 3300; x_wconf 88' lang='lat' dir='ltr'><strong>om.B</strong></span> <span class='ocrx_word' id='word_1_127' title='bbox 609 3250 642 3298; x_wconf 87' lang='lat'><strong><em>14</em></strong></span> <span class='ocrx_word' id='word_1_128' title='bbox 666 3240 928 3308; x_wconf 75' lang='grc' dir='ltr'><strong><em>ἕπιεικεστάτοιςΟ</em></strong></span> <span class='ocrx_word' id='word_1_129' title='bbox 971 3241 1032 3300; x_wconf 76' lang='grc' dir='ltr'><strong><em>ἐπι-</em></strong></span> 
     </span>
     <span class='ocr_line' id='line_1_21' title="bbox 30 3312 1031 3396; baseline 0.008 -32"><span class='ocrx_word' id='word_1_130' title='bbox 30 3312 176 3371; x_wconf 78' lang='grc' dir='ltr'><strong><em>εικέστατον</em></strong></span> <span class='ocrx_word' id='word_1_131' title='bbox 195 3313 300 3370; x_wconf 79' lang='lat' dir='ltr'><strong>Reiske</strong></span> <span class='ocrx_word' id='word_1_132' title='bbox 317 3317 322 3386; x_wconf 87' lang='grc' dir='ltr'>Ι</span> <span class='ocrx_word' id='word_1_133' title='bbox 339 3312 470 3396; x_wconf 74' lang='grc' dir='ltr'><strong><em>ρωμαίυν</em></strong></span> <span class='ocrx_word' id='word_1_134' title='bbox 489 3315 538 3369; x_wconf 80' lang='grc' dir='ltr'><strong><em>καλ</em></strong></span> <span class='ocrx_word' id='word_1_135' title='bbox 556 3317 659 3386; x_wconf 71' lang='grc' dir='ltr'><strong><em>λογίοις</em></strong></span> <span class='ocrx_word' id='word_1_136' title='bbox 672 3315 849 3388; x_wconf 84' lang='grc' dir='ltr'><strong><em>άνδράσινθ</em></strong></span> <span class='ocrx_word' id='word_1_137' title='bbox 885 3322 944 3380; x_wconf 78' lang='grc' dir='ltr'><strong><em>τοῖς</em></strong></span> <span class='ocrx_word' id='word_1_138' title='bbox 959 3313 1031 3372; x_wconf 73' lang='grc' dir='ltr'><strong><em>ἀντί-</em></strong></span> 
     </span>
    </p>
   </div>
   <div class='ocr_carea' id='block_1_5' title="bbox 29 3383 1033 3512">
    <p class='ocr_par' dir='ltr' id='par_1_5' title="bbox 29 3383 1033 3512">
     <span class='ocr_line' id='line_1_22' title="bbox 29 3383 1033 3457; baseline 0.005 -21"><span class='ocrx_word' id='word_1_139' title='bbox 29 3401 80 3450; x_wconf 86' lang='grc' dir='ltr'><strong><em>μοις</em></strong></span> <span class='ocrx_word' id='word_1_140' title='bbox 92 3383 235 3457; x_wconf 82' lang='grc' dir='ltr'><strong><em>Ῥωμαίων</em></strong></span> <span class='ocrx_word' id='word_1_141' title='bbox 258 3404 282 3445; x_wconf 89' lang='grc' dir='ltr'><strong><em>ο.</em></strong></span> <span class='ocrx_word' id='word_1_142' title='bbox 301 3386 404 3440; x_wconf 73' lang='lat' dir='ltr'><strong>Rmske</strong></span> <span class='ocrx_word' id='word_1_143' title='bbox 441 3389 573 3449; x_wconf 86' lang='grc' dir='ltr'><strong><em>Λατίνοις</em></strong></span> <span class='ocrx_word' id='word_1_144' title='bbox 594 3403 645 3456; x_wconf 85' lang='lat' dir='ltr'><strong><em>pro</em></strong></span> <span class='ocrx_word' id='word_1_145' title='bbox 665 3389 769 3457; x_wconf 75' lang='grc' dir='ltr'><strong><em>λογίοις</em></strong></span> <span class='ocrx_word' id='word_1_146' title='bbox 788 3404 811 3442; x_wconf 86' lang='grc' dir='ltr'><strong><em>ο.</em></strong></span> <span class='ocrx_word' id='word_1_147' title='bbox 830 3387 943 3457; x_wconf 85' lang='lat' dir='ltr'>Pflugk,</span> <span class='ocrx_word' id='word_1_148' title='bbox 969 3387 1033 3441; x_wconf 89' lang='lat' dir='ltr'>Sin-</span> 
     </span>
     <span class='ocr_line' id='line_1_23' title="bbox 29 3455 360 3512; baseline 0.018 -7"><span class='ocrx_word' id='word_1_149' title='bbox 29 3455 91 3510; x_wconf 74' lang='lat' dir='ltr'>tenis</span> <span class='ocrx_word' id='word_1_150' title='bbox 108 3457 169 3512; x_wconf 82' lang='lat' dir='ltr'><strong><em>Em.</em></strong></span> <span class='ocrx_word' id='word_1_151' title='bbox 188 3456 269 3511; x_wconf 88' lang='lat' dir='ltr'>Dion.</span> <span class='ocrx_word' id='word_1_152' title='bbox 284 3456 311 3510; x_wconf 93' lang='grc' dir='ltr'>Π</span> <span class='ocrx_word' id='word_1_153' title='bbox 326 3463 360 3512; x_wconf 75' lang='grc'><strong><em>24</em></strong></span> 
     </span>
    </p>
   </div>
   <div class='ocr_carea' id='block_1_6' title="bbox 818 3547 872 3601">
    <p class='ocr_par' dir='ltr' id='par_1_6' title="bbox 818 3547 872 3601">
     <span class='ocr_line' id='line_1_24' title="bbox 818 3547 872 3601; baseline 0.037 -2"><span class='ocrx_word' id='word_1_154' title='bbox 818 3547 872 3601; x_wconf 81' lang='grc'><strong><em>17*</em></strong></span> 
     </span>
    </p>
   </div>
   <div class='ocr_carea' id='block_1_7' title="bbox 0 0 1204 3902">
    <p class='ocr_par' dir='ltr' id='par_1_7' title="bbox 0 0 1204 3902">
     <span class='ocr_line' id='line_1_25' title="bbox 0 0 1204 3902; baseline 0 0"><span class='ocrx_word' id='word_1_155' title='bbox 0 0 1204 3902; x_wconf 95' lang='lat' dir='ltr'><strong><em> </em></strong></span> 
     </span>
    </p>
   </div>
  </div>
 </body>
</html>
