2400 3912
131 197 175 261 τι
558 198 722 247 -Δ-

130 360 194 447 ὅσα
216 359 297 443 μετά
318 358 381 442 τήν
403 359 567 443 ἔμπρησιν
590 358 638 434 είς
655 357 716 422 τὸν
734 355 875 443 ἀρχαῖον
892 358 1021 442 κόσμον
1039 354 1158 420 ἐπετε-ῖο

130 462 236 549 λέσθη
259 465 400 550 φανερά,
424 465 476 530 ὅτι
498 473 556 548 της
573 470 691 547 καινῆς
710 462 779 529 ἐστι
796 461 924 548 τέχνης,
948 462 969 546 ή
990 456 1021 528 δ’
1037 463 1128 545 είκάν,

131 571 187 637 οἵα
213 573 377 656 πρότερον
404 565 462 654 ἦν,
494 569 633 656 ἀρχαικὴ
656 570 718 653 τήν
740 572 961 654 κατασκευήν·
1000 567 1130 654 διαμένει

131 679 194 764 γάρ
218 680 266 744 ἔτι
289 681 458 762 σεβασμοῦ
476 676 689 762 τυγχάνουσα
707 676 773 744 ὑπὸ
786 671 966 761 Ῥωμαίων.
999 673 1131 761 καὶπερὶ
1188 691 1189 696 ’

102 781 193 869 εμὶν
219 785 364 849 Τυλλίου
387 792 533 850 τοσαῦτα
554 783 795 870 παρελάβομεν.

137 965 141 971 ¹
198 889 346 954 XXXXI.
382 891 479 955 Μετὰ
511 885 549 955 δὲ
577 898 698 955 τοῦτον
725 889 980 976 παραλαμβάνει
1007 889 1132 964 Λεύκιος

136 997 321 1082 Ταρκύνιος
342 995 404 1079 τήν
422 990 593 1080 Ῥωμαίων
616 998 818 1063 δυναστείαν
842 995 884 1062 οὐ
906 997 990 1061 κατὰ
1012 998 1133 1080 νόμους,

133 1102 218 1167 άλλδ
249 1101 305 1167 διά
336 1111 403 1166 τῶν
432 1101 553 1167 ὅπλων,
573 1104 763 1187 κατασχών,
795 1104 878 1169 κατὰ
904 1105 965 1169 τὸν
992 1100 1134 1188 τέταρτον

133 1208 287 1274 ἐνιαυτὸν
319 1216 377 1291 τῆς
408 1206 585 1293 ἑξηκοστῆς
611 1208 667 1276 καὶ
693 1209 826 1296 πρώτης
854 1209 1076 1294 ὀλυμπιάδος,
1102 1207 1134 1290 ἣν
1188 1241 1189 1250 ¹

94 1335 120 1376 ιο
134 1315 227 1381 ἐνίκα
249 1315 387 1380 στάδιον
408 1312 614 1401 Ἀγάθαρχος
638 1320 847 1402 Κερκυραῖος
869 1317 1035 1401 ἄρχοντος
1053 1312 1136 1396 Ἀθή-

97 1427 211 1505 2νησι
234 1421 445 1506 Θηρικλέους.
487 1417 585 1500 οὗτος
607 1422 777 1509 ὑπεριδὼν
800 1419 861 1507 μὲν
883 1431 946 1488 τοῦ
969 1424 1136 1507 δημοτικοῦ
1185 1413 1186 1430 ’

133 1532 296 1614 πλήθους,
318 1529 489 1613 ὑπεριδὼν
509 1525 546 1594 δέ
565 1539 633 1594 τῶν
650 1531 845 1616 πατρικίων,
868 1526 929 1615 ὑφ’
952 1525 1001 1594 ὧν
1019 1526 1074 1595 ἐπὶ
1089 1528 1138 1610 τήν
1186 1575 1187 1578 ,

134 1636 335 1700 δυναστείαν
367 1638 539 1720 παρήχθη,
572 1637 635 1720 ἔθη
663 1659 698 1701 τε
726 1633 781 1701 καί
808 1637 934 1720 νόμους
961 1633 1018 1702 καὶ
1044 1634 1138 1701 πάντα
1186 1631 1187 1684 ἒ

133 1742 193 1806 τὸν
212 1740 390 1826 ἐπιχώριον
408 1744 545 1826 κόσμον,
570 1732 596 1829 ᾧ
615 1742 677 1826 τήν
695 1745 795 1808 πόλιν
813 1740 1003 1828 ἐκόσμησαν
1023 1742 1059 1806 ολ
1072 1741 1139 1826 πρό

93 1867 120 1908 15
133 1869 225 1932 τεροι
247 1849 404 1930 βασιλεῖς,
428 1845 570 1942 συγχέας
592 1846 648 1913 καὶ
671 1849 874 1933 διαφθείρας
896 1849 944 1925 είς
967 1847 1139 1932 δμολογου

97 1951 239 2038 3μένην
267 1954 452 2038 τυραννίδα
483 1951 659 2038 μετέστησε
689 1956 752 2038 τήν
780 1954 895 2046 άρχήν.
935 1952 992 2019 καὶ
1018 1963 1140 2040 πρῶτον

135 2057 196 2142 μὲν
219 2061 373 2144 φυλακήν
390 2062 612 2145 κατεστήσατο
631 2060 706 2148 περὶ
725 2060 846 2127 ἑαυτὸν
861 2060 1054 2146 ἀνθρώπων
1067 2066 1175 2145 θρα-λθ

135 2166 286 2232 συτάτων
310 2166 389 2251 ξίφη
411 2165 467 2232 καί
490 2169 613 2251 λόγχας
637 2171 813 2254 φερόντων
836 2167 1025 2254 ἐπιχωρίων
1042 2162 1142 2232 τεκαὶ

135 2269 350 2362 ἀλλοδαπῶν,
379 2276 415 2340 οἳ
438 2274 558 2350 νυκτός
585 2296 620 2339 τε
643 2272 719 2361 περὶ
741 2275 804 2358 τήν
827 2276 1007 2357 βασίλειον,
1023 2272 1143 2350 αὐλιζό-

38 2451 41 2458 ,
94 2399 123 2439 εο
136 2403 232 2464 μενοι
254 2380 361 2463 αὐλήν
383 2377 439 2444 καὶ
461 2373 539 2464 μεθ’
560 2377 687 2467 ἡμέραν
710 2379 831 2458 ἐξιόντι
852 2383 1144 2465 παρακολουθοῦν-

134 2507 203 2568 τες,
232 2486 295 2570 ὅπη
324 2486 518 2571 πορεύοιτο,
546 2487 675 2570 πολλήν
697 2487 760 2570 τήν
782 2485 846 2551 ἀπὸ
869 2495 937 2552 τῶν
960 2484 1146 2570 έπιβουλευ

136 2593 266 2656 σάντων
303 2591 488 2675 ἀσφάλειαν
524 2594 732 2678 παρείχοντο.
779 2594 891 2659 ἔπειτα
925 2594 985 2670 τδις
1017 2583 1146 2671 ἐξόδους

136 2695 214 2761 οὔτε
246 2707 395 2782 συνεχεῖς
427 2697 502 2763 οὔτε
536 2696 752 2782 τεταγμένας,
788 2698 872 2765 άλλδι
904 2701 1067 2776 σπανίους
1095 2693 1147 2762 καὶ

136 2801 406 2888 ἀπροσδοκήτους
428 2804 571 2871 ἐποιεῖτο
596 2804 825 2890 ἐχρηματίζετό
847 2829 882 2872 τε
905 2804 981 2892 περὶ
998 2816 1066 2872 τῶν
1083 2826 1147 2870 κοι-

94 2927 120 2970 25
136 2920 206 2976 νῶν
233 2908 304 2977 κατ’
326 2905 420 2977 οἶκον
448 2908 510 3001 μὲν
536 2912 577 2976 τδ
603 2913 710 2978 πολλά
736 2910 792 2978 καὶ
820 2912 931 2978 αὐτῶν
957 2923 1027 2978 τῶν
1053 2912 1148 2994 άναγ·

207 3112 223 3159 3
246 3107 351 3174 ροοοῖο
374 3106 440 3173 post
463 3103 641 3173 κατασκευήν
665 3103 777 3158 sublato
804 3123 830 3158 v.
855 3103 943 3174 4γδιρ
970 3104 1026 3159 del.
1049 3100 1148 3158 Reiske

137 3181 170 3230 10
189 3180 364 3246 Κερκυραῖος
383 3174 489 3228 add.B
552 3181 583 3227 11
607 3172 816 3244 ΘηρικλέουςΒ
849 3172 1065 3246 Ἦρακλέονςῖῖ
1117 3177 1147 3225 13

135 3245 310 3315 προήχθηΟ
347 3246 484 3336 παρήχθη
503 3244 646 3314 Kiessling
702 3253 743 3300 19.
759 3252 793 3300 20
811 3245 878 3316 περὶ
890 3246 922 3301 τὸ
936 3247 1078 3317 βασίλειον
1091 3242 1149 3296 sine

137 3316 267 3385 αόλὴνΒ
331 3324 364 3372 21
384 3337 450 3372 οποι
467 3315 597 3370 Hertlein
614 3319 731 3372 Hermes
751 3319 777 3372 X
795 3322 847 3372 412
912 3323 952 3372 *λθ
966 3311 1148 3372 οὔτε-οὐδὲ

137 3386 163 3438 A
194 3385 263 3506 ρήρο
278 3415 311 3426 -
326 3387 390 3441 οότε
409 3391 434 3441 R
499 3392 534 3441 24
553 3389 770 3456 *χρηματίζεται
787 3388 852 3457 περὶ
869 3387 895 3441 A
932 3383 1100 3460 ἐχρημάτιζε.
1119 3403 1148 3438 τε

139 3473 191 3522 περ
