2394 3912
457 227 619 280 -ι-
771 183 844 238 ’”
984 229 1049 296 339

23 385 188 463 ἐλεειναῖς
211 385 270 452 καὶ
287 391 439 472 ,σχήμασι
458 390 635 473 πενθίμοις
653 393 952 476 περιφθειρόμενοι
969 393 1051 464 κατά

21 493 84 576 τὴν
114 491 248 579 ἀγοράν
276 491 436 572 καὶτοὺς
459 497 649 572 στενωποὺς
671 498 856 580 κλαίοντες,
886 497 1050 564 ἱκετεύον-

22 623 86 682 τες,
111 598 299 685 ἁπτόμενοι
322 597 432 678 δεξιάς
455 599 596 666 ἑκάστου
618 599 674 667 καὶ
692 603 855 686 γονάτων,
879 603 1050 689 ἀπολοφυ-

23 710 165 791 ρόμενοι
189 707 253 790 τὴν
277 704 485 792 κατέχουσαν
509 707 632 786 αὐτοὺς
654 707 709 773 καὶ
733 710 781 774 ἔτι
804 713 931 793 μᾶλλον
949 709 1049 775 καθέ-

24 813 152 891 ξουσαν
176 812 332 900 ἐρημίαν,
357 814 451 897 δεινὴ
475 811 530 879 καὶ
549 813 802 899 ἀνυπομόνητος
819 816 904 893 ὄψις.
937 799 1083 914 οὐδείςὲ

23 929 109 1002 γοῦν
139 919 234 986 ἐστιν
263 920 370 998 οὕτως
398 920 488 1004 ὠμὸς
514 922 574 986 τὸν
597 925 739 1006 τρόπον,
768 921 805 999 δς
828 922 890 988 οὐκ
912 922 1049 1008 ἀνατρέ-

23 1049 119 1092 πεται
146 1027 212 1110 την
235 1027 349 1112 ψυχὴν
373 1026 464 1112 δρῶν
486 1034 589 1092 ταῦτα
612 1025 668 1092 καὶ
690 1027 808 1112 πάσχει
831 1052 863 1093 τι
885 1030 968 1114 πρὸς
991 1030 1049 1106 τὰς

24 1133 221 1219 ἀνθρώπων
244 1134 355 1218 τύχας.
402 1129 480 1198 ὥστ’
507 1134 539 1198 εί
560 1130 737 1217 μέλλοιμεν
761 1134 944 1212 ἀσπείστως
965 1137 1049 1222 πρὸς

23 1241 57 1305 τὸ
87 1241 277 1324 δημοτικὸν
305 1242 408 1325 ἔχειν,
432 1238 665 1305 ἀπαλλακτέον
692 1239 772 1324 ἡμίν
798 1237 853 1305 καί
881 1250 985 1307 ταῦτα
1009 1245 1048 1308 τά

23 1348 161 1432 σώματα
190 1346 359 1429 ἐκποδών,
389 1347 431 1410 τά
460 1343 522 1429 μὲν
544 1345 589 1422 ὡς
611 1346 758 1431 ἀχρηστα
782 1347 829 1422 είς
850 1352 1048 1434 πολιορκίαν
1062 1371 1088 1410 ιο

23 1452 179 1538 ἐσόμενα,
203 1455 244 1518 τὰ
264 1451 295 1518 δ’
319 1453 364 1529 ὡς
382 1451 425 1517 οὐ
445 1453 669 1536 διαμενοῦντα
687 1454 829 1536 βεβαίως
847 1456 938 1537 φίλα.
971 1454 1047 1520 ἀπε-

9 1557 247 1646 λαυνομένων
267 1555 305 1624 δὲ
324 1558 380 1624 καὶ
398 1559 527 1624 τούτων
545 1561 596 1636 τίς
612 1557 633 1642 ἡ
654 1557 850 1643 φυλάξουσα
867 1559 930 1642 την
948 1564 1047 1626 πόλιν

0 1669 69 1730 effu
85 1668 312 1752 λειφθήσεται
328 1667 484 1750 δύναμις;
509 1664 529 1748 ἣ
543 1667 611 1730 τίνι
624 1666 860 1742 πιστεύσαντες
873 1665 1047 1754 ἐπικουρίᾳ

23 1774 60 1837 τά
85 1774 185 1838 δεινά
208 1775 420 1857 τολμήσομεν
437 1769 633 1854 ὑπομόνεινς
656 1769 677 1852 ἡ
696 1769 812 1855 μέντοι
830 1775 935 1840 οίκεία
952 1772 1047 1858 ἡμῶν

23 1879 202 1963 καταφυγὴ
230 1876 287 1946 καὶ
315 1881 402 1963 μόνη
432 1876 566 1961 βέβαιος
595 1875 700 1960 ἐλπίς,
729 1878 841 1961 ἡτῶν
864 1883 1046 1966 πατρικίων
1061 1903 1101 1944 15.

24 1985 126 2070 ἀκμή,
155 1986 296 2070 βραχεῖά
319 1985 422 2068 ἐστιν,
446 1985 557 2067 ὥσπερ
581 1982 689 2069 δρᾶτε,
711 1982 768 2049 καὶ
791 1986 853 2050 οὐκ
876 1985 969 2065 ἀξιον
994 1986 1047 2054 ἐπὶ
1089 2065 1090 2070 ¹

23 2094 127 2178 ταύτῃ
162 2089 247 2177 με’να
281 2101 432 2177 φρονεῖν.
478 2077 517 2154 τι
543 2083 606 2154 οὖν
640 2090 675 2154 οί
702 2091 764 2156 τὸν
791 2094 938 2176 πόλεμον
965 2094 1047 2159 ὑπο-

25 2197 138 2281 μένειν
168 2199 406 2283 εἰσηγούμενοι
435 2201 576 2281 ληροῦσι
604 2194 659 2260 καὶ
686 2201 923 2281 φενακίζουσιν
949 2199 1046 2284 ἡμᾶς,

25 2303 94 2369 ἀλλ’
113 2303 191 2389 οὐχὶ
215 2315 370 2389 φανερῶς
392 2311 617 2388 παραινοῦσιν
636 2301 800 2387 ἀναιμωτί
818 2301 873 2368 καὶ
892 2306 969 2389 δίχα
986 2311 1046 2373 πό-

25 2437 87 2477 νου
110 2413 340 2498 παραδιδόναι
362 2420 433 2486 τοῖς
456 2408 591 2493 ἐχθροῖς
612 2411 677 2493 ἤδη
700 2410 762 2493 τὴν
785 2413 899 2489 πόλιν;
1061 2437 1087 2478 εο

90 2517 160 2584 LII.
176 2515 270 2583 ’Ἀλλ’
293 2523 373 2594 ἴσως
396 2518 499 2599 ἔγωγε
521 2517 713 2600 τετύφωμαι
734 2523 837 2583 ταῦτα
861 2517 969 2602 λέγων
991 2520 1047 2588 καὶ

25 2627 62 2688 τά
86 2625 130 2709 μὴ
155 2627 253 2691 δεινά
276 2623 356 2702 ἀξιῶ
383 2620 541 2688 δεδιέναι·
574 2631 614 2709 τῇ
636 2625 732 2690 πόλει
755 2618 788 2689 δ’
806 2622 908 2690 οὐδὲν
931 2626 1047 2713 ἕτερον

25 2731 88 2814 ἤδη
107 2753 175 2797 που
195 2731 429 2828 κινδυνεύεται
446 2728 467 2811 ἣ
487 2732 663 2814 μεταβολή,
681 2737 816 2818 πρᾶγμα
835 2733 876 2797 ού
890 2738 1046 2820 χαλεπόν,

26 2839 106 2902 κατά
133 2839 265 2920 πολλήν
294 2833 326 2900 τ’
348 2833 391 2901 ἀν
418 2834 498 2917 ἡμῖν
522 2834 693 2901 εὐπέτειαν
717 2836 754 2902 ἑκ
776 2840 900 2918 παντὸς
923 2843 1048 2922 ἔθνους

26 2941 79 3008 καί
109 2947 219 3009 τόπου
251 2943 340 3026 θῆτά
372 2965 408 3006 τε
440 2940 496 3006 καὶ
525 2943 671 3026 πελάτην
703 2945 804 3028 όχλον
832 2947 1046 3028 εἰσδέξασθαι
1059 2970 1086 3012 ιε

95 3143 109 3190 1
134 3133 359 3206 περιφερόμενοι
387 3133 410 3187 O
455 3132 710 3259 περιφθειρόμενοι
738 3137 828 3193 Cobet
856 3140 919 3199 obs.
945 3151 1044 3210 p.'121

28 3206 276 3278 δάνυπομένητος
295 3223 318 3260 ο.
334 3205 476 3282 Sylbqrgl
508 3217 561 3274 ψιν
580 3205 629 3260 διά
648 3208 751 3278 χρυσὸν
769 3209 819 3265 τὸν
836 3211 979 3282 τύραννον
998 3217 1047 3270 ού-

28 3277 120 3342 &eisc
177 3285 194 3334 8
215 3276 363 3348 μέλλοιμεν
384 3276 406 3331 0
444 3273 577 3346 μέλλομεν
597 3276 687 3334 Οοὶιοθ
705 3279 771 3334 Obs.
790 3299 818 3350 p.
834 3288 885 3337 122
902 3287 907 3354 Ι
923 3286 1046 3350 ἀπίστως

28 3347 48 3402 Ο
83 3350 243 3412 ἀσπείστως
261 3347 366 3403 Reiske
444 3348 587 3417 θύμίνΒ
667 3357 699 3406 12
719 3350 754 3421 δὴ
774 3352 827 3406 ΑΒ
865 3352 938 3412 &bc
1012 3364 1047 3413 14

28 3418 100 3506 μέντ’
117 3420 232 3477 οίκείαῖ
316 3425 347 3474 17
367 3439 394 3472 τι
413 3415 483 3489 μέγα
501 3419 527 3472 Α
557 3449 560 3454 ·
605 3427 639 3477 18
656 3424 837 3505 πληροῦσιΑ
914 3433 948 3483 21
969 3429 1045 3500 ἴσως]

29 3511 43 3557 η
62 3492 98 3547 ὡσ
116 3493 140 3546 Β
216 3497 252 3546 23
272 3490 364 3559 δήπου
385 3489 549 3546 dubitanter
567 3509 590 3548 ο.
609 3493 755 3582 Κίθεελιως

830 3587 886 3642 22*
