2400 3912
74 243 95 308 6
502 245 665 296 -Δ-

74 410 172 492 μόται
195 406 383 492 Ταρκύνιον
407 403 636 491 ἐπιμελεῖσθαι
658 413 726 469 τῶν
743 413 869 468 κοινῶν
891 402 912 486 ἢ
931 402 1090 467 Τύλλιον·

75 513 180 590 οὕτως
203 511 517 599 ἐξεθεραπεύθησαν
539 509 595 577 ὑπ’
624 510 729 577 αὐτοῦ
750 519 824 586 ταῖς
847 509 1058 595 εὐεργεσίαις.

140 619 217 684 IIlI.
253 619 390 696 Φύσεύς
416 642 451 684 τε
480 620 521 703 δη
545 617 749 704 μετειληφὼς
772 615 993 703 ἀποχρώντως
1014 637 1092 681 κατ-

76 725 320 811 εσκευασμένης
346 727 430 810 πρὸς
456 725 640 810 ἡγεμονίαν
668 720 767 801 οὗτος
794 723 813 789 ό
841 723 927 809 ἀνὴρ
954 721 1092 800 καὶτὰς

47 834 165 917 επαρά
194 841 252 916 τῆς
278 832 380 916 τύχης
407 832 531 908 πολλὰς
558 829 613 896 καλ
641 831 784 916 μεγάλας
812 829 956 915 ἐσχηκὼς
985 829 1091 915 ἀφορ-

75 939 152 1022 μάς,
181 938 294 1023 ἐπειδὴ
317 943 510 1022 τελευτῆσαι
533 936 657 1022 συνέβη
685 937 874 1023 Ταρκύνιον
898 935 1092 1020 ἐπιβουλευ-

74 1043 180 1110 θέντα
202 1044 267 1111 ὑπὸ
290 1056 358 1111 τῶν
371 1043 497 1129 ’Ἁγκου
516 1047 674 1130 Μαρκίου
696 1045 827 1108 παίδων
850 1043 1093 1110 ἀνασώσασθαι

74 1153 136 1235 την
160 1160 229 1216 τοῦ
261 1154 385 1237 πατρὸς
417 1151 523 1236 ἀρχὴν
549 1148 782 1235 βουλομένων,
815 1149 860 1227 ὡς
888 1148 925 1215 ἐν
952 1159 998 1238 τῷ
1026 1153 1092 1236 πρὸ

73 1260 197 1323 τούτου
230 1260 403 1342 δεδήλωκα
434 1260 538 1345 λόγῳ,
571 1258 670 1337 δόξας
698 1257 763 1323 ὑπὸ
793 1267 861 1322 τῶν
888 1258 1092 1344 πραγμάτων

35 1385 61 1426 10
76 1364 188 1430 αὐτῶν
212 1363 266 1431 ἐπὶ
287 1366 350 1449 την
373 1366 546 1448 βασιλείαν
569 1369 762 1448 καλεῖσθαι,
786 1365 984 1452 δραστήριος
1007 1365 1091 1452 ἀνὴρ

38 1475 60 1540 2
76 1469 138 1537 οὐκ
161 1469 288 1555 ἀφῆκεν
311 1469 434 1536 ἐκτῶν
452 1480 573 1555 χειρῶν
591 1471 651 1536 τὸν
669 1473 796 1558 καιρόν.
832 1471 853 1554 ἡ
873 1468 911 1537 δέ
930 1488 1093 1556 συγκατα-

75 1578 265 1642 σκευάσασα
288 1578 350 1661 την
372 1575 555 1661 ἡγεμονίαν
579 1577 668 1664 αὐτῷ
691 1575 747 1643 καὶ
769 1578 905 1642 πάντων
928 1581 1017 1644 αίτία
1040 1601 1093 1661 γε-

74 1681 198 1766 νομένη
231 1693 299 1747 τῶν
331 1682 472 1766 ἀγαθῶν
498 1682 519 1765 η
548 1692 610 1748 τοῦ
636 1687 904 1768 τετελευτηκότος
931 1683 1094 1768 βασιλέως

74 1783 118 1870 ἦν
140 1789 226 1872 γυνη
250 1790 389 1878 γαμβρῷ
412 1811 448 1853 τε
471 1789 753 1874 συλλαμβάνουσα
777 1791 851 1877 ἰδίῳ
875 1789 931 1856 καὶ
954 1791 990 1857 ἐκ
1012 1797 1094 1857 πολ-

37 1932 63 1974 15
76 1899 146 1960 λῶν
168 1905 399 1978 συνεγνωκυῖα
421 1894 614 1980 θεσφάτων,
638 1897 688 1962 ὅτι
712 1901 907 1980 βασιλεῦσαι
921 1892 1094 1982 Ῥωμαίων

75 2001 206 2067 ἐκείνου
224 2004 284 2068 τὸν
302 2003 410 2088 ἀνδρα
429 2003 574 2088 εἵμαρτο.
611 2005 706 2088 ἔτυχε
722 2001 752 2068 δ’
772 2003 854 2088 αὐτῇ
872 2008 1008 2080 νεανίας
1025 2001 1087 2088 μὲν
1095 2026 1151 2075 641

75 2108 149 2184 υίὸς
168 2109 210 2172 ού
228 2109 293 2192 πρὸ
312 2113 438 2174 πολλοῦ
457 2110 696 2194 τετελευτηκὼς
713 2112 849 2196 χρόνον,
874 2111 991 2176 παιδία
1010 2105 1094 2190 δ’ἐξ
1198 2119 1199 2140 ³

40 2218 61 2284 3
76 2213 207 2280 ἐκείνου
226 2215 288 2281 δύο
306 2218 410 2300 νήπια
423 2221 693 2301 καταλειπόμενα.
727 2215 964 2302 ἐνθυμουμένη
980 2214 1018 2282 δέ
1030 2219 1095 2302 την

76 2318 152 2405 περὶ
178 2323 238 2387 τὸν
262 2309 356 2388 οἷκον
380 2320 521 2407 ἐρημίαν
543 2320 599 2388 καὶ
622 2324 776 2409 περιδεὴς
799 2317 899 2406 οὖσα,
927 2324 972 2408 μη
995 2347 1095 2390 κατα-

35 2465 62 2506 20
77 2430 212 2510 σχόντες
235 2429 270 2492 ολ
290 2427 440 2512 Μάρκιοι
462 2429 524 2512 τὴν
547 2428 653 2513 ἀρχὴν
675 2430 822 2516 όίρωνται
843 2430 885 2493 τδι
902 2431 1019 2495 παιδία
1037 2429 1096 2496 καὶ
1197 2419 1198 2430 ¹

76 2543 187 2598 πᾶσαν
215 2534 277 2616 την
305 2535 482 2617 βασιλικὴν
507 2533 705 2619 συγγένειαν
728 2535 932 2622 ἀφανίσωσι,
960 2547 1096 2622 πρῶτον

75 2636 138 2746 μὲν
176 2636 307 2719 ἐπέταξε
338 2641 397 2718 τὰς
427 2651 495 2706 τῶν
527 2643 706 2724 βασιλείων
738 2643 848 2729 θύρας
878 2646 1007 2708 κλείσαι
1038 2641 1097 2708 καὶ

77 2745 229 2828 φύλακας
257 2744 307 2812 ἐπ’
332 2747 448 2824 αύταίς
475 2745 632 2830 ἐπέστησε
661 2747 942 2833 διακελευσαμένη
965 2748 1097 2833 μηδένα

76 2851 232 2938 παριέναι
256 2850 330 2937 μήτ’
358 2855 422 2918 ἐσω
446 2847 521 2937 μήτ’
548 2852 626 2932 ἔξω·
660 2849 759 2920 ἔπειτ’
780 2854 817 2920 ἐκ
839 2863 900 2919 τοῦ
925 2855 1096 2950 δωματίου

35 2996 62 3038 25
77 2961 202 3036 πάντας
235 2957 385 3036 ἐξελθεῖν
417 2959 602 3024 κελεύσασα
632 2962 712 3038 τοὺς
744 2962 882 3045 ἀλλους,
914 2961 952 3027 ἐν
980 2943 1010 3026 ιε’
1035 2963 1097 3027 τὸν

148 3158 164 3206 3
184 3152 369 3222 ἀποχρώντως
392 3150 652 3223 κατεσκευασμένης
674 3152 744 3223 πρὸς
762 3152 915 3276 τηηεμονίαν
935 3153 957 3208 Ο
981 3157 1097 3224 praeter
1194 3167 1195 3193 ι

76 3222 99 3275 Β
156 3230 188 3277 17
208 3223 241 3276 ού
260 3222 324 3278 add.
344 3221 396 3274 AB
453 3228 486 3276 18
505 3221 756 3296 καταλ<ι>πόμενα
813 3221 908 3292 ΙδέΟ
946 3223 981 3294 δὴ
1000 3225 1097 3280 Kiess-

76 3291 139 3361 ling
219 3300 254 3348 20
277 3295 413 3362 αἴρωνται
437 3293 459 3348 Ο
507 3292 632 3365 ἄρωνται
655 3293 777 3364 Sylburg
801 3299 806 3362 Ι
830 3295 922 3365 ἄρδην
945 3314 968 3350 ο.
992 3296 1097 3366 Pflugk

123 3369 156 3416 21
178 3363 324 3433 βασιλικ“ν
343 3363 419 3417 ABb
457 3364 618 3435 βασιλεικὴν
636 3364 683 3418 Ba
708 3367 712 3434 Ι
737 3364 987 3441 συγγέν<ε>ιανΒ
1060 3375 1096 3422 22
1193 3385 1194 3447 η

79 3429 184 3486 ἐκλεισε
210 3431 270 3486 sine
289 3383 409 3500 ἐπέταξε
434 3436 464 3488 et
486 3436 635 3490 κλεῖσαιΟ
658 3436 812 3506 praeterB
904 3443 938 3493 24
956 3436 1094 3510 παριέναι

77 3501 157 3554 ABb
193 3500 343 3570 παρειέναι
361 3504 427 3581 ΒμΙ
448 3504 517 3575 μήτε
535 3505 580 3560 bis
599 3506 622 3561 0
