2394 3912
568 206 730 259 ..ς-

135 365 229 446 τάξιυ
245 339 411 431 ἀποδώσει
426 376 497 443 τοῖς
505 366 787 453 γραφησομένοις·
804 371 933 452 μᾶλλον
943 365 974 430 δ’
993 362 1048 449 ὑφ’
1059 364 1151 449 ὑμῶν

137 473 261 538 ἐνθάδε
279 469 463 558 γραφέσθω
482 473 522 538 τὰ
541 471 696 558 δόξαντα,
713 472 769 539 καὶ
782 474 803 557 ἡ
818 474 925 558 βουλὴ
939 473 1073 549 τούτοις
1087 474 1152 536 πεί·

102 583 123 648 2
138 597 239 646 σεται.
275 588 337 644 τοῦ
356 575 393 644 δὲ
411 590 524 664 μενεῖν
539 579 659 664 βέβαια
674 581 715 646 τά
729 581 992 666 συγχωρούμενα
1006 588 1084 662 νῦν,
1101 575 1189 642 mma

138 681 243 770 μηδὲν
262 685 405 770 ὕστερον
429 685 583 752 ἐναντίον
607 687 721 764 αὐτοῖς
742 687 808 754 ὑπὸ
830 695 889 770 τὴς
906 690 1035 770 βουλῆς
1052 685 1152 764 ἐξενε-

111 795 338 877 οχδὴσεσθαι,
356 802 490 877 πρῶτον
504 789 565 877 μὲν
582 793 677 877 ἡμεῖς
696 793 731 858 ολ
746 792 901 877 πρέσβεις
919 792 1092 877 ἀνάδοχοι,
1110 793 1151 855 δι-

64 909 80 958 >
139 901 254 977 δόντες
275 899 357 983 ὑμίν
380 899 515 983 σώματα
538 897 594 964 καὶ
617 901 726 983 ψυχὰς
742 897 797 964 καὶ
815 900 933 982 γενεάς
951 899 1011 976 τάς
1030 898 1151 965 ἑαυτῶν

139 1003 291 1092 ἐνέχυρα·
316 1007 427 1070 ἔπειτα
446 1005 481 1070 οί
497 1006 592 1071 ἀλλοι
609 1009 798 1089 βουλευταί,
818 1007 893 1072 ὅσοι
906 1013 952 1093 τῷ
968 1009 1150 1089 ψηφίσματι

140 1113 487 1196 συνεγγραφήσονται·
526 1112 566 1176 οὐ
598 1113 663 1195 γὰρ
696 1113 738 1196 δὴ
770 1133 850 1178 ποτε
882 1112 1036 1178 ἀκόντων
1065 1111 1150 1196 ἡμῶν

138 1203 348 1305 γραφήσεταί
367 1240 399 1282 τι
422 1220 504 1283 κατὰ
525 1227 586 1283 τοῦ
606 1219 723 1303 δήμου.
761 1219 797 1283 ολ
812 1220 876 1302 γὰρ
895 1218 1082 1303 ἡγούμενοι
1098 1225 1150 1282 τοῦ

100 1345 126 1385 ιο
141 1327 321 1412 συνεδρίου
350 1323 404 1390 καὶ
431 1334 554 1409 πρῶτοι
585 1327 644 1403 τὰς
671 1325 783 1390 αὑτῶν
810 1324 945 1409 γνώμας
972 1325 1149 1409 ἀποφαινό

106 1436 237 1517 3μευοι
268 1443 336 1498 τῶν
368 1432 479 1497 ἀλλων
508 1431 601 1517 ἡμεῖς
627 1432 736 1516 ἐσμεν.
782 1434 955 1498 τελευταία
985 1429 1022 1496 δὲ
1052 1433 1150 1505 πίστις

141 1539 265 1605 ἅπασίν
288 1538 378 1606 ἐστιν
402 1536 595 1622 ἀνθρώποις
609 1535 751 1624 Ἕλλησί
769 1561 804 1603 τε
823 1536 878 1603 καὶ
896 1537 1093 1624 βαρβάροις,
1114 1537 1149 1619 ἡν

141 1641 253 1722 οὐδεὶς
271 1644 402 1710 πώποτε
421 1643 595 1728 ἀναιρήσει
609 1646 739 1730 χρόνος,
762 1642 783 1727 ἡ
799 1638 843 1709 δι’
862 1643 972 1730 ὅρκων
987 1642 1045 1709 καὶ
1059 1660 1149 1710 σπον-

141 1753 212 1816 δῶν
239 1751 399 1834 ἐγγυητὰς
422 1753 524 1828 θεοὺς
545 1747 729 1835 ποιουμένη
752 1761 821 1816 τῶν
843 1750 1060 1835 συμβάσεων·
1095 1746 1145 1833 ὑφ’

102 1879 129 1920 15
142 1852 182 1941 ἡς
204 1855 324 1923 πολλαὶ
347 1853 409 1941 μὲν
433 1858 576 1922 ἰδιωτῶν
598 1859 718 1942 ἔχθραι
739 1861 869 1944 πικραί,
894 1855 1015 1923 πολλοὶ
1041 1854 1078 1923 δὲ
1121 1858 1148 1922 ό-
1188 1879 1189 1930 ο

142 1969 236 2049 λιμοι
259 1967 375 2030 πόλεσι
398 1964 481 2048 πρὸς
498 1967 611 2042 πόλεις
629 1964 809 2041 συστάντες
829 1965 1068 2050 διηλλάγησαν.
1103 1961 1146 2027 καὶ
1187 1999 1188 2041 ,

143 2072 267 2155 ταύτην
290 2077 325 2136 εί
343 2094 419 2136 τινα
438 2072 620 2155 λαμβάνετε
638 2072 700 2155 τὴν
718 2073 841 2154 πίστιν,
865 2069 924 2136 τότ’
944 2071 1073 2154 ὀλίγοις
1090 2070 1146 2136 ἐπι·
1186 2113 1187 2155 ,

141 2177 274 2265 τρέπετε
308 2187 378 2255 τοῖς
406 2177 545 2262 ἡγεμόσι
571 2185 632 2243 τοῦ
659 2179 840 2263 συνεδρίου
867 2175 942 2262 περὶ
970 2178 1052 2262 ὅλης
1077 2177 1146 2260 ὑμῖν
1185 2193 1186 2267 ἡ

143 2289 263 2351 δοῦναι
290 2293 348 2368 τῆς
376 2287 499 2368 βουλῆς
525 2287 604 2360 τοὺς
628 2284 762 2368 ὅρκους,
790 2290 855 2349 εἴτε
878 2284 1003 2360 πάντας
1027 2281 1185 2381 ἀξιοῦτεὶλὴ

103 2413 130 2454 ιο
143 2395 223 2468 τοὺς
242 2388 530 2476 ἐπιγραφομένους
547 2401 617 2468 τοῖς
630 2391 795 2475 δόγμασιν
809 2390 948 2475 ὀμνύειν
961 2387 1041 2457 καθ’
1060 2391 1146 2474 ἱερῶν
1183 2415 1184 2494 ρ

106 2495 163 2584 4ἡ
187 2501 254 2584 μὴυ
280 2497 397 2583 βέβαια
420 2499 460 2562 τὰ
482 2500 682 2581 συγκείμενα
705 2496 877 2581 φυλάξειν.
915 2497 1025 2576 δεξιάς
1048 2493 1085 2562 δὲ
1101 2492 1144 2560 καὶ

144 2607 292 2684 σπονδάς
323 2602 379 2671 καὶ
407 2608 533 2681 πίστεις
564 2602 617 2670 ἐπὶ
649 2610 740 2669 θεῶν
771 2601 971 2688 γιγνομένας
1003 2607 1082 2688 μήτε
1111 2602 1145 2664 σὺ

143 2714 316 2798 διάβαλλε,
345 2715 488 2793 Βροῦτε,
521 2704 595 2794 μήτ’
621 2710 751 2794 ἀναίρει
779 2711 816 2776 τὸ
844 2711 1023 2775 κάλλιστον
1049 2708 1143 2787 ἐπιτή-

215 2913 231 2962 3
250 2904 345 2976 μένειν
365 2903 387 2960 0
407 2921 475 2958 corr.
496 2901 585 2957 Cobet
599 2902 664 2957 Obs.
683 2921 709 2972 p.
726 2908 777 2956 130
793 2904 798 2972 Ι
814 2903 959 3026 νῦνὲὴμῐυ
975 2919 997 2956 ο.
1012 2899 1143 2966 Kiessling

143 2987 159 3036 6
179 2979 228 3034 καὶ
247 2977 361 3048 σώματα
379 2975 402 3028 Β
418 2977 423 3046 Ι
440 2974 569 3030 αὐτῶνΒ
586 2979 590 3042 ἡ
607 2969 738 3045 ἐνέχυρα]
759 2971 850 3044 ὅμηρα
947 2980 978 3027 11
997 2968 1141 3039 τελευταία]

143 3052 237 3106 τελεία
256 3067 279 3104 ο.
299 3050 396 3117 Tegge
416 3046 529 3112 Quaest.
550 3044 584 3098 de
604 3062 656 3098 usu
675 3062 770 3114 praep.
789 3062 817 3113 p.
832 3049 867 3099 40
941 3051 973 3098 12
993 3044 1141 3112 ἀνθρώποις

144 3119 261 3177 όστὶνΒ
336 3125 368 3172 15
389 3117 527 3188 μικραλΟ
564 3115 664 3187 πικραί
682 3114 786 3169 Reiske
855 3122 887 3169 1⁵1
907 3114 959 3170 *εί
971 3135 1001 3170 τε
1019 3111 1142 3185 λαμβάνε-

143 3211 192 3245 ται
219 3191 296 3243 ΑΒε.
340 3188 496 3260 λαμβάνετε
521 3187 568 3240 Bb
614 3189 645 3242 εί
667 3206 698 3268 γε
726 3184 881 3258 λαμβάνετε
903 3185 1008 3240 Reiske
1052 3184 1104 3252 ἤδη
1124 3185 1140 3234 λ.

144 3260 246 3328 Pflugk
292 3261 332 3313 ἴτε
358 3262 381 3314 λ.
408 3258 531 3312 Sintenis
556 3259 614 3311 Em.
639 3257 805 3312 D10n.125
851 3259 882 3312 εί
901 3278 967 3313 τινα
991 3261 1013 3311 λ.
1039 3273 1090 3325 ego
1114 3251 1140 3305 cf.

144 3330 291 3382 Meutzner
313 3347 340 3397 p.
360 3335 412 3382 269
503 3335 538 3382 20
562 3323 782 3418 ἐγγραφομένοις
810 3345 832 3383 ο.
857 3328 946 3383 cobet
970 3327 1033 3382 Oba.
1056 3344 1083 3395 p.
1102 3328 1141 3404 {³0

146 3395 242 3466 ἡμὴν
261 3398 286 3450 Α
326 3398 434 3466 ἡμῖνΒ
471 3397 553 3468 ἱερῶν
576 3419 593 3466 η
617 3399 842 3468 μὴνο.1ὶεὶε1ῐε
878 3400 946 3469 ὑμῖν
969 3416 992 3453 ο.
1014 3396 1141 3460 Kiesshng

147 3472 181 3518 22
201 3466 368 3535 γιγνομένας
385 3468 408 3519 Β
444 3467 597 3539 γενομένας
615 3471 640 3522 Β.
