2384 3902
456 231 551 280 -E
588 255 622 266 ··
983 230 1050 296 203

45 392 270 491 κατελάμβανε·
304 393 455 476 φυλακὰς
478 391 654 459 ἐποιοῦντο
674 386 719 458 δι’
741 395 821 479 όλης
838 397 969 477 νυκτός,
994 394 1050 460 ἵνα

44 500 82 583 μή
107 498 242 564 λάθοιεν
271 507 359 582 σφᾶς
387 499 600 586 ἀποδράντες.
643 502 687 579 ὡς
708 495 745 566 δ’
771 503 819 579 είς
841 503 902 586 τήν
920 498 1086 586 Ῥώμην4

42 607 73 670 τὸ
97 607 203 683 πάθος
230 605 426 691 ἀπηγγέλθη
452 610 579 694 ταραχή
601 604 630 673 τ’
652 605 695 693 ῆν
717 589 823 695 πολλή
847 607 902 676 καὶ
926 610 1051 696 δρόμος

42 710 86 779 εἰά
105 715 145 778 τὰ
165 717 257 797 τείχη
280 711 337 780 καὶ
356 713 432 792 δέος
451 714 620 801 ἁπάντων,
643 717 688 801 μῆ
708 718 765 783 διδ
783 719 903 794 νυκτὸς
923 719 970 794 είς
987 717 1050 801 τήν

42 823 127 886 πόλιν
145 824 283 886 ἔλθοιεν
302 820 338 887 οί
353 820 507 906 πολέμιοι
524 829 570 911 τῷ
585 825 821 910 κατορθώματι
835 823 1071 910 έπαρθέντες,τ

40 938 97 993 τῶν
125 926 153 993 τ’
182 928 406 995 ἀπολωλότων
438 924 548 1006 οἶκτος
579 928 635 996 καὶ
666 941 735 996 τῶν
765 928 1050 1017 περιλειπομένων

41 1038 130 1119 έλεος,
155 1035 200 1112 ὡς
219 1033 577 1122 ἀναρπασθησομένων
595 1035 713 1102 αὐτίκα
732 1037 820 1122 μάλα
838 1037 882 1103 δι’
906 1038 1050 1125 ἀπορίαν

39 1154 96 1208 τῶν
108 1142 314 1227 ἀναγκαίων,
333 1144 365 1209 εί
377 1145 421 1227 μή
435 1165 485 1220 τις
499 1143 614 1220 αὐτοῖς
627 1142 802 1230 ἐπικουρία
816 1147 912 1211 ἔλθοι
926 1125 1048 1230 ταχεῖα.

39 1249 160 1334 ἐκείνην
178 1249 240 1335 μέν
260 1245 323 1316 οὖν
341 1249 404 1333 τήν
422 1250 527 1316 νύκτα
545 1251 695 1337 πονηρὰς
713 1252 850 1336 ἔχοντας
867 1252 926 1328 τάς
939 1253 1083 1336 ψοχάςὸ

38 1357 194 1443 ἀγροτνοι
222 1358 355 1440 διῆγον·
392 1364 432 1442 τῆ
460 1354 491 1421 δ’
519 1354 593 1442 ἑξῆς
619 1355 725 1446 ῆμέρηι
752 1357 879 1434 πάντας
905 1359 984 1434 τοὺς
1011 1357 1085 1423 ένιο

14 1463 113 1550 ειάκμῆ
136 1466 347 1541 καθοπλίσας
370 1463 388 1529 ὁ
408 1463 520 1549 ἔτερος
537 1473 605 1528 τῶν
624 1462 759 1528 ὑπάτων
776 1466 949 1548 Μενήνιος
966 1460 1048 1548 ῆγεν

38 1570 227 1658 ἐπικούρους
253 1579 325 1649 τοῖς
352 1570 390 1636 έν
414 1579 460 1659 τῷ
485 1572 556 1657 όρει
579 1573 708 1654 κόσμον
729 1568 785 1635 καὶ
806 1569 900 1649 τάξιν
924 1571 1049 1656 φυλάτ-

37 1701 153 1756 τοντας.
194 1679 323 1756 ἰδόντες
343 1675 374 1743 δ’
398 1677 521 1755 αὐτοὺς
540 1676 576 1742 οί
591 1679 736 1761 Σαβῖνοι
754 1681 955 1763 προσιόντας
974 1677 1050 1743 οὐκ·

36 1784 76 1850 ε’τι
100 1783 322 1872 παρέμειναν,
354 1781 425 1850 ἀλλ’
447 1784 693 1868 ἀναστήσαντες
723 1785 783 1849 τὸν
811 1784 923 1851 αὑτῶν
951 1801 1050 1868 στρα-

36 1893 87 1957 τὸν
109 1889 196 1978 ῆγον
224 1892 288 1958 ἀπὸ
311 1898 373 1956 τοῦ
397 1891 498 1975 ὄρους
522 1888 672 1976 ἀποχρῆν
695 1892 845 1974 οίόμενοι
868 1894 965 1975 σφίσι
988 1893 1086 1974 τήνιε

36 2009 202 2087 παροῦσαν
232 1999 404 2083 εὐτυχίαν·
441 1994 497 2062 καὶ
526 1996 568 2061 οὐ
598 2000 707 2062 πολὺν
737 2000 785 2062 ἔτι
817 1999 1051 2084 διατρίψαντες

35 2109 151 2193 χρόνον
175 2103 325 2192 ἀπῄεσαν
349 2102 402 2170 έπὶ
424 2105 466 2169 τὰ
484 2102 628 2190 σφέτερα
647 2107 712 2169 σὺν
731 2104 896 2189 αὐχήματι
916 2105 1048 2192 μεγάλω

36 2214 249 2300 βοσκημάτων
272 2235 310 2278 τε
332 2209 389 2277 καὶ
411 2209 635 2288 ἀνδραπόδων
658 2208 713 2276 καὶ
736 2211 915 2297 χρημάτων
939 2210 1049 2295 ἀφθό-

35 2346 108 2400 νους
131 2323 271 2405 ἀγοντες
296 2319 466 2404 ἀφελείας.

94 2426 263 2495 XXXXV.
289 2421 446 2510 Ῥωμαῖοι
474 2423 504 2491 δ’
528 2424 793 2509 ἀγανακτοῦντες
820 2422 873 2491 έπὶ
902 2431 941 2509 τῆ
966 2438 1084 2507 συμ-εο

36 2544 119 2624 φορᾷ
145 2532 201 2602 καὶ
229 2535 290 2600 τὸν
318 2531 434 2618 ἔτερον
463 2542 532 2598 τῶν
559 2532 696 2621 ὑπάτων
720 2534 914 2616 Ποστόμιον
938 2530 975 2596 έν
998 2531 1048 2596 αί-

37 2646 113 2720 τίαις
141 2645 275 2728 ἔχοντες
305 2642 458 2724 ἔγνωσαν
490 2639 632 2716 άπάσαις
664 2639 827 2724 δυνάμεσι
856 2637 1049 2723 στρατεύειν

37 2751 111 2815 κατὰ
127 2749 227 2834 τάχος
246 2745 300 2813 ἐπὶ
318 2747 380 2830 τήν
394 2747 555 2829 Σαβίνων
568 2755 645 2830 γῆν,
662 2747 725 2830 τήν
738 2767 773 2811 τε
787 2741 890 2829 ῆτταν
907 2745 1050 2830 αίσχράν

37 2855 87 2922 καὶ
113 2855 313 2923 ἀνέλπιστον
340 2850 527 2937 γενομένην
553 2852 790 2937 ἐπανορθῶσαι
812 2852 1050 2938 προθυμούμε-

39 2987 98 3047 νοι,
119 2961 174 3030 καὶ
198 2959 253 3028 ἐπὶ
275 2968 316 3046 τῆ
338 2957 459 3025 νεωστὶ
483 2957 669 3044 ἀφικομένη
689 2959 778 3044 παρὰ
796 2967 864 3023 τῶν
882 2960 1050 3042 πολεμίων
1060 2977 1087 3019 ει

38 3072 189 3157 πρεσβεία
216 3067 347 3151 πολλήν
373 3067 472 3153 ὕβρις
499 3065 621 3151 έχούση
649 3063 705 3130 καὶ
732 3065 920 3130 αὐθάδειαν
949 3063 1051 3148 ἀχθό-

103 3305 117 3355 'l
136 3297 305 3372 ἀπορ<ι>αν
324 3296 371 3350 Bb
427 3301 445 3368 β
464 3299 564 3364 ταχεῖα
583 3292 664 3348 ἔλθοι
681 3293 705 3346 Β
720 3296 725 3363 Ι
740 3291 868 3362 πονήρας
887 3309 909 3348 ο,
930 3291 1051 3362 Stepha-

39 3386 86 3423 nus
138 3375 172 3424 14
190 3370 241 3425 τὸν
260 3370 354 3423 αὐτῶν
373 3367 528 3437 στρατηγὸν
547 3366 603 3420 ἀπὸ
618 3373 668 3420 τοῦ
683 3363 766 3434 όρονς
779 3363 934 3435 ἀπῆγονΟ
969 3381 1052 3433 στρα-

40 3440 84 3493 τὸν
100 3441 200 3496 Portus
224 3442 254 3495 et
273 3438 409 3509 Sylburg3
437 3439 487 3492 τὸν
511 3438 604 3492 αὑτῶν
628 3436 746 3507 στρατὸν
769 3429 840 3506 ήγον
859 3435 954 3490 deleto
974 3435 1051 3503 quod

41 3512 159 3580 sequitur
177 3513 289 3582 ἀπῆγον
304 3509 429 3565 Sintenis
444 3509 505 3564 Em.
519 3507 602 3562 Dion.
618 3507 643 3561 II
658 3515 676 3562 4
729 3513 763 3562 21
783 3505 943 3578 Ποστόμιον
957 3523 1012 3562 om.
1027 3507 1050 3559 B
