2400 3912
467 233 632 280 ,Δ-

14 391 167 476 λοενεκρὰν
200 394 369 474 κατεφίλει
401 388 456 456 καί
486 390 676 456 ἀνεκαλεῖτο
703 388 758 456 καὶ
786 389 951 474 διελέγετο
977 393 1062 478 πρὸς

52 497 147 580 αἰπήν
181 498 293 583 ὥσπερ
327 501 434 577 ζῶσαν
468 494 530 575 ἔξω
561 506 623 562 τοῦ
651 509 793 581 φρονεῖν
822 499 968 581 γεγονὼς
995 497 1060 563 ὑπὸ

50 611 101 668 τοῦ
123 613 239 671 κακοῦ.
275 605 383 670 πολλὰ
408 598 438 668 δ’
461 603 565 669 αὐτοῦ
587 601 907 689 κατολοφυρομένου
925 602 982 669 καί
999 606 1095 670 τοῦ3

50 712 165 794 πατρὸς
197 709 234 776 έν
267 709 359 795 μέρει
390 707 445 775 καί
478 718 536 794 τής
569 710 675 787 οἰκίας
708 711 787 794 ὅλης
814 715 976 798 κλαυθμῷ
1005 707 1060 775 καί

50 820 184 900 θρήνοις
215 816 436 902 κατεχομένης
468 815 593 901 βλέψας
625 818 672 894 εἰς
704 817 825 894 αὐτοὺς
857 817 875 882 6
909 821 1089 901 Βροῦτοςι

50 921 142 1005 λέγει·
179 926 340 1011 Μαρίους
363 923 449 1003 ἕξετε
472 925 621 1009 καιρούς,
644 919 670 988 ὦ
690 927 877 1010 Λουκρήτιε
899 921 955 988 καί
973 926 1059 988 Κολ-

50 1035 153 1095 λατῖνε
180 1028 237 1095 καί
263 1031 385 1108 πάντες
412 1031 505 1115 ὑμεῖς
532 1030 568 1095 οἰ
592 1037 631 1114 τῇ
659 1027 794 1112 γυναικὶ
824 1032 1059 1115 προσήκοντες,

50 1134 81 1200 ἐν
102 1129 153 1214 οἷς
174 1137 279 1220 αὐτήν
297 1137 467 1220 κλαύσετε,
491 1133 569 1202 νυνί
589 1133 620 1200 δ’
643 1136 688 1213 ὡς
710 1139 941 1222 τιμωρήσομεν
964 1135 1058 1220 αὐτῇ,

50 1252 231 1326 σκοπῶμεν·
254 1251 353 1308 τοῦτο
376 1242 440 1327 γὰρ
459 1241 478 1307 6
498 1241 615 1327 παρὼν
633 1243 748 1326 καιρὸς
765 1240 902 1306 ἀπαιτεῖ.
932 1235 1094 1306 Ἐδόκει4

48 1345 131 1413 ταῦτ’
156 1349 267 1414 εἰκότα
290 1347 411 1432 λέγειν,
434 1345 490 1412 καὶ
508 1350 727 1432 καθεζόμενοι
745 1344 823 1412 καθ’
842 1345 981 1424 ἑαυτοὺς
999 1349 1059 1412 τόν
1070 1368 1095 1407 10

48 1452 73 1516 τ’
94 1455 258 1521 οἰκετικὸν
276 1452 332 1521 καί
350 1455 494 1539 θητικὸν
513 1455 614 1538 όχλον
635 1453 786 1518 ἐκποδῶν
800 1456 1061 1536 μεταστήσαντες

49 1559 277 1644 ἐβουλεύοντο,
297 1563 342 1626 ’τί
364 1561 427 1646 χρή
451 1562 616 1646 πράττειν.
662 1571 792 1645 πρῶτος
816 1556 888 1624 δ’ὁ
912 1563 1061 1645 Βροῦτος

49 1666 225 1752 ἀρξόμενος
247 1662 332 1749 ὑπὲρ
356 1666 477 1732 ἑαυτοῦ
499 1664 621 1750 λέγειν,
645 1667 696 1732 ὅτι
718 1667 781 1750 τήν
802 1667 969 1731 δοκοῦσαν
991 1675 1062 1742 τοῖς

48 1779 177 1852 πολλοῖς
206 1775 337 1859 μωρίαν
370 1773 432 1838 οὐκ
462 1767 550 1857 εἰχεν
578 1772 761 1856 ἀληθινήν,
794 1770 866 1838 ἀλλ’
894 1761 1060 1854 ἐπίθετον,

48 1878 100 1944 καὶ
130 1881 187 1958 τδς
219 1882 326 1958 αἰτίας
358 1880 476 1963 εἰπών,
511 1873 555 1944 δι’
582 1878 621 1956 δίς
652 1881 690 1944 τὸ
717 1882 930 1966 προσποίημα
958 1873 1057 1944 τοῦθ’
1071 1896 1096 1936 1⁵

48 1984 290 2070 ὑπέμεινε,καί
316 1985 416 2064 δόξας
438 1985 595 2050 ἁπάντων
619 1984 811 2071 ἀνθρώπων
834 1980 920 2050 εἰναι
944 2008 1061 2070 φρονι-

49 2092 202 2176 μώτατος,
225 2093 306 2177 μετὰ
325 2087 415 2157 τοῦτ’
433 2094 568 2157 ἔπειθεν
587 2091 710 2168 αὐτοὺς
728 2092 789 2175 τήν
804 2091 909 2174 αὐτήν
923 2091 1061 2175 γνώμην

11 2197 189 2276 ιοιίίπαντας
207 2200 373 2282 λαβόντας
391 2197 541 2276 ἐξελάσαι
561 2199 748 2283 Ταρκύνιόν
766 2221 801 2261 τε
820 2195 875 2262 καί
893 2198 973 2272 τοὺς
987 2206 1061 2260 παῖ-

49 2305 106 2380 δας
127 2305 162 2372 έκ
184 2313 243 2388 τῆς
266 2307 404 2386 πόλεως,
426 2304 533 2370 πολλὰ
555 2301 611 2368 καί
635 2302 789 2386 ἰπαχωχίι
808 2304 854 2379 εἰς
872 2311 970 2367 τοῦτο
991 2302 1061 2366 δια-

50 2415 182 2495 λεχθείς.
219 2409 288 2477 ἐπεὶ
318 2408 355 2476 δὲ
382 2393 508 2488 πόντας
533 2405 623 2476 εἰδεν
647 2408 699 2475 έπί
722 2417 779 2494 τής
802 2408 904 2493 αὐτῆς
926 2408 1060 2493 γνώμης
1069 2427 1096 2466 20

50 2518 142 2594 όνιας
161 2516 201 2583 οὐ
221 2519 332 2600 λόγων
348 2519 412 2601 ἔφη
428 2517 500 2582 δεῖν
515 2513 588 2583 οὐδ’
607 2514 830 2601 ὑποσχέσεων,
850 2509 922 2580 ἀλλ’
941 2518 1060 2598 ἔργων,

50 2627 82 2686 εἰ
97 2645 127 2687 τι
148 2634 216 2690 τῶν
239 2625 388 2689 δεόντων
410 2621 521 2708 μέλλει
544 2625 759 2706 γενήσεσθαι·
789 2620 903 2707 όίρξειν
927 2619 964 2687 δέ
986 2621 1062 2686 τού-

50 2749 111 2792 των
135 2730 236 2807 αὐτὸς
259 2732 332 2815 ἔφη.
380 2726 480 2796 Ταῦτ’
503 2730 606 2795 εἰπὼν
629 2727 684 2794 καί
703 2729 816 2811 λαβὼν
838 2729 875 2793 τὸ
900 2727 1095 2812 ξιφίδιον,5

52 2825 75 2920 ᾧ
97 2837 291 2924 διεχρήσατο
317 2835 439 2921 ἑαυτήν
456 2836 477 2920 ή
495 2838 593 2920 γυνή,
617 2833 672 2900 καί
690 2843 736 2922 τῷ
755 2837 903 2919 πτώματι
921 2839 1061 2920 προσελ-

52 2943 119 3008 θὼν
136 2943 251 3028 αὐτῆς·
274 2946 323 3008 ἔτι
337 2943 401 3029 γὰρ
415 2945 520 3008 ἔκειτο
539 2941 576 3006 ἐν
595 2949 730 3030 φανερῷ
749 2940 859 3025 θέαμα
880 2947 1096 3005 οἰκτιστον·ει

54 3046 151 3132 όμοσε
177 3052 238 3116 τόν
266 3047 297 3114 τ’
315 3048 399 3134 ’Ἇρη
427 3046 482 3114 καί
508 3051 587 3125 τοὺς
614 3049 736 3124 ἄλλους
763 3050 866 3124 θεοὺς
888 3055 955 3110 πᾶν
979 3047 1060 3111 ὅσον

116 3214 130 3260 1
149 3207 315 3262 ἀνεκλαίετο
333 3205 357 3257 Β
432 3212 446 3260 7
466 3205 590 3268 ἅπαντες
608 3205 631 3260 0
705 3209 721 3258 8
741 3203 815 3266 ὅπως
837 3219 860 3257 υ.
885 3201 974 3256 Cobet
993 3201 1059 3257 obs.

53 3292 74 3342 ρ.
92 3283 125 3332 90
208 3277 434 3346 9σκοπῶμενΒ
472 3285 615 3346 σκατῶμεν
634 3276 659 3328 Α
696 3279 851 3345 μελετῶμεν
871 3273 920 3326 ΟΙ)
958 3271 1060 3343 μελέτω

53 3345 110 3415 ἡμῖν
128 3365 151 3404 ο.
171 3348 297 3403 Sintenis
315 3347 376 3402 Em.
396 3345 478 3402 Dion.
498 3348 511 3400 Ι
529 3353 562 3402 26
634 3352 667 3401 10
684 3354 774 3400 ταῦτα
793 3343 888 3400 εἰκότα
906 3345 931 3397 Α
967 3343 1002 3402 τὰ
1021 3342 1061 3398 εἰ-

52 3416 113 3543 κόχα
131 3419 156 3473 R
175 3426 250 3543 A14
269 3418 497 3491 ἀληθ<ι>νήνΒ
570 3423 604 3472 20
624 3413 699 3471 εἶδεν
717 3416 794 3470 ABb
832 3416 893 3469 ἴδεν
912 3415 957 3467 Ba
1009 3420 1060 3468 .24

52 3506 77 3541 στ
94 3510 158 3559 ματι

861 3573 898 3627 8*
