2400 3912
470 225 634 276 -Δ-
1018 223 1061 289 ει

55 387 227 473 λαμβάνειν
251 383 367 472 ἑτέραν
391 391 522 470 οίκησιν
546 381 622 471 μήτ’
650 387 773 452 άλλοθι
790 407 858 452 που
876 392 1061 470 συντελεῖν,

53 495 106 572 τάς
125 516 160 560 τε
181 493 396 580 καταγραφὰς
412 502 480 558 τῶν
499 502 711 578 στρατιωτῶν
729 491 785 558 καί
802 494 861 570 τάς
879 491 1062 579 εἰσπράξεις

53 609 113 664 τῶν
138 599 316 685 χρημάτων
343 599 401 675 τάς
428 595 608 683 γινομένας
636 599 683 675 είς
705 599 746 669 τδι
768 601 985 684 στρατιωτικὰ
1006 598 1063 665 καὶ

53 706 103 782 τάς
124 705 224 782 άλλας
246 705 368 790 χρείας,
393 701 433 781 δὶς
455 701 595 770 ἕκαστον
619 706 688 770 ἔδει
705 711 751 792 τςό
770 711 874 792 κοινςό
892 703 1060 791 παρέχειν,

53 807 154 876 οὐκέτι
176 811 259 876 κατδ
281 811 339 887 τάς
360 820 449 895 τρεῖς
467 811 577 894 φυλάς
594 811 653 888 τδις
670 810 803 894 γενικὰς
821 809 866 887 ὡς
883 813 1058 897 πρότερον,
1074 837 1086 878 ι

52 915 126 981 άλλά
151 918 235 982 κατά
261 918 320 994 τὰς
345 915 504 1002 τέτταρας
531 917 589 994 τάς
615 917 752 994 τοπικὰς
773 917 832 992 τὰς
853 910 914 1000 ὑφ’
940 914 1061 983 ἑαυτοῦ

51 1023 279 1108 διαταχθείσας
297 1022 452 1106 ἐποιεῖτο,
469 1022 636 1107 ἡγεμόνας
654 1019 709 1108 ἐφ’
731 1020 868 1106 ἑκάστης
885 1021 1061 1102 ἀποδείξας
1080 1070 1082 1076 .

53 1132 243 1216 συμμορίας,
273 1129 383 1215 ὥσπερ
407 1128 644 1215 φυλάρχουςῆ
668 1128 858 1216 κωμάρχας,
886 1121 937 1208 οἷς
958 1145 1061 1214 προσ-

52 1232 154 1314 ἔταξεν
182 1233 324 1318 είδέναι,
356 1237 457 1300 ποίαν
490 1236 600 1300 οίκίαν
634 1234 770 1312 ἕκαστος
798 1236 889 1300 οίκεῑ.
922 1233 1094 1310 ’Ἰάπειταδ

51 1343 124 1406 κατά
149 1342 277 1420 πάντας
303 1338 455 1408 ἐκέλευσε
482 1343 562 1418 τοὺς
584 1344 775 1420 στενωποὺς
800 1343 900 1429 [ἱερά]
925 1340 1061 1424 ἔγκατα·
1074 1368 1100 1407 ιο

53 1454 272 1533 σκευασθῆναι
298 1447 459 1526 καλιάδας
485 1446 551 1513 ὑπὸ
573 1458 642 1514 τῶν
665 1451 828 1532 γειτόνων
850 1449 957 1533 ἥρωσι
979 1467 1060 1532 προ-

12 1556 187 1632 οἵανωπίοις
205 1552 262 1620 καὶ
284 1557 408 1631 θυσίας
431 1554 546 1632 αὐτοῖς
568 1552 815 1640 ἐνομοθέτησεν
837 1552 1060 1619 ἐπιτελεῖσθαι

50 1657 119 1724 καθ’
140 1659 283 1726 ἕκαστον
306 1660 461 1725 ἐνιαυτὸν
487 1660 653 1738 πελάνους
677 1660 898 1746 εἰσφερούσης
921 1657 1060 1741 ἑκάστης

51 1767 158 1845 οίκίας·
182 1777 255 1845 τοῖς
274 1763 311 1831 δὲ
329 1767 369 1830 τδ
387 1764 463 1850 περὶ
480 1777 549 1832 τῶν
567 1769 732 1850 γεινόνων
751 1767 824 1853 ίερδι
840 1770 1059 1831 συντελοῦσιν

50 1870 82 1936 ἐν
110 1883 179 1950 τοῖς
211 1873 418 1957 προνωπίοις
445 1871 487 1936 οὐ
514 1874 593 1950 τοὺς
620 1869 835 1957 ἐλευθέρους,
868 1871 952 1936 άλλδι
980 1870 1059 1948 τοὺς
1073 1894 1099 1936 ιε

51 1977 185 2057 δούλους
214 1977 305 2058 ἔταξε
327 1980 487 2065 παρεῖναί
505 2001 540 2043 τε
562 1976 619 2043 καὶ
642 1987 911 2064 συνιερουργελν,
940 1976 985 2054 ὡς
1007 1999 1059 2042 κε-

50 2083 242 2171 χαρισμένης
257 2094 328 2162 τοϊς
342 2084 449 2170 ἥρωσι
466 2091 523 2167 τῆς
534 2087 606 2150 ’τῶν
621 2086 842 2171 θεραπόντων
861 2082 1058 2168 ὑπηρεσίας·

49 2189 89 2272 ἣν
113 2194 158 2256 ἔτι
187 2188 244 2256 καί
266 2184 345 2256 καθ’
365 2189 450 2274 ἡμᾶς
473 2187 592 2276 ἑορτὴν
619 2189 758 2272 άγοντες
776 2185 930 2271 Ῥωμαίοι
958 2185 1094 2260 διετέ-4

50 2301 125 2363 λουν
153 2297 283 2382 ὀλίγαις
309 2297 451 2383 ὕστερον
478 2294 617 2382 ἡμέραις
640 2305 708 2359 τῶν
730 2296 903 2380 Κρονίων,
932 2293 1057 2376 σεμνὴν

50 2401 82 2466 ἐν
105 2414 174 2481 τοῖς
190 2387 287 2469 ’πάνυ
309 2401 366 2468 καὶ
388 2407 568 2485 πολυτελῆ,
596 2399 806 2484 Κομπιτάλια
829 2398 1055 2485 προσαγορεύ-
1070 2425 1096 2466 νο

50 2531 135 2587 οντες
163 2509 271 2593 αὐτὴν
298 2507 351 2574 ἐπὶ
373 2519 441 2574 τῶν
464 2517 656 2574 στενωπῶν·
688 2507 870 2592 κομπίτους
891 2506 955 2592 γάρ
978 2506 1059 2582 τοὺς

11 2617 238 2692 ιιεστενωποὺς
260 2619 413 2680 καλοῦσι·
441 2612 497 2678 καὶ
520 2613 726 2697 φυλάττουσι
748 2613 809 2676 τὸν
831 2609 970 2697 άρχαλον
989 2609 1059 2675 ἐθι-

49 2722 128 2804 σμὸν
151 2718 205 2787 ἐπὶ
228 2729 295 2784 τῶν
319 2721 430 2807 ίερῶν,
455 2719 511 2784 διά
528 2730 595 2784 τῶν
613 2719 833 2803 θεραπόντων
851 2718 930 2794 τοὺς
947 2717 1059 2802 ἥρωας

49 2825 256 2911 ίλασκόμενοι
282 2823 338 2890 καὶ
365 2826 454 2890 άπαν
481 2825 519 2888 τὸ
548 2826 673 2890 δοῦλον
701 2823 924 2910 ἀφαιροῦντες
947 2821 1058 2886 αὐτῶν

49 2930 82 2995 ἐν
106 2943 178 3009 ταῖς
205 2929 343 3018 ἡμέραις
366 2930 521 3012 ἐκείναις,
550 2929 606 2993 ἵνα
628 2936 668 3012 τῇ
691 2928 931 3014 φιλανθρωπίᾳ
954 2928 1056 3012 ταάτη
1071 2953 1097 2994 25

116 3129 131 3178 1
154 3119 253 3178 άλλοσέ
275 3141 327 3177 ποι
353 3121 442 3176 Cobet
465 3120 531 3178 obs.
553 3137 580 3190 p.
601 3126 636 3174 78
667 3117 798 3174 ΗετδΙοίο
825 3118 941 3172 Hermes
959 3117 985 3170 X
1003 3123 1056 3171 412

49 3198 121 3248 4πα
139 3191 213 3264 ἐχειν
235 3193 286 3250 καί
307 3190 443 3249 οόκέτιΟ
468 3190 623 3262 praeterB
715 3196 747 3244 10
767 3186 830 3259 ίερδι
847 3187 900 3242 ΑΒ
937 3183 1057 3258 ίερδιςΙδ

49 3263 100 3318 del.
145 3263 263 3333 'essling
340 3270 372 3318 11
391 3261 610 3336 καλ<ι>άδαςΒ
684 3267 717 3316 15
737 3255 768 3315 ἐν
786 3265 844 3322 τοῖς
863 3265 1015 3322 στενωποῖς
1033 3275 1056 3313 ο,
1144 3289 1146 3296 ·

49 3333 188 3404 Bsicheler,
207 3341 266 3398 τοῖς
283 3337 455 3406 προνωπίοις
472 3333 519 3389 vel
536 3337 618 3396 θεοῖς
634 3332 806 3402 προνωπίοις
824 3329 920 3384 deleta
939 3323 970 3385 ἐν
988 3345 1057 3385 νοοε

50 3403 225 3460 Οοεεοδοωυε
312 3411 345 3461 18
364 3406 413 3462 καλ
436 3404 542 3460 add.B
628 3409 663 3458 20
681 3400 784 3465 ταῐςΟ
870 3406 904 3456 22
919 3395 1056 3473 ἐθισμὸν]

50 3474 149 3546 κόσμον
167 3493 190 3533 ο.
209 3476 353 3548 Kiessling
