2400 3912
132 204 175 270 48
560 208 724 256 -A-

132 367 194 452 χρή
210 369 377 444 Λατίνους
395 366 456 451 μὲν
474 377 542 432 τῶν
559 367 751 452 προσοίκων
770 367 886 452 ίίρχειν
904 363 961 432 καὶ
979 367 1021 432 τὰ
1038 367 1136 432 δίκαια

132 472 261 538 τάττειν
276 469 440 556 Ἕλληνας
468 475 568 550 ὄντας
594 472 788 559 βαρβάροις·
821 469 1004 558 Ῥωμαίους
1028 469 1070 554 δὲ,
1087 475 1136 556 τήν

133 578 289 645 ἁπάντων
308 581 465 645 Λατίνων
484 582 571 665 ἔχειν
589 581 796 665 προστασίαν
814 578 951 665 μεγέθει
968 603 1004 646 τε
1023 582 1137 657 πόλεως

132 687 340 773 προῦχοντας
367 684 422 752 καὶ
445 687 646 772 πραγμάτων
670 688 758 774 ὄγκῳ
780 684 837 752 καὶ
858 695 899 772 τῇ
921 687 1067 774 προνοίᾳ
1088 695 1137 772 τοῦ

96 820 110 860 5
134 795 311 880 δαιμονίου
338 796 502 878 κρείττονι
531 792 755 879 κεχρημένους
782 793 935 877 ἐκείνων,
965 789 1010 859 δι’
1032 793 1076 877 ἣν
1101 795 1138 870 είς

98 902 299 983 3τοσαύτην
336 876 534 983 ἐπίφάυειαν
564 905 749 984 προῆλθον.
794 885 933 966 τοιαῦτα
966 899 1169 979 διεξελθόντα

134 1007 378 1089 συνεβούλευεν
401 1004 514 1082 αὐτοῖς
536 1005 628 1091 ἱερὸν
646 1007 774 1073 ἄσυλον
793 1005 857 1072 άπὸ
876 1017 1002 1072 κοινῶν
1022 1006 1138 1071 ἀναλω-

133 1113 246 1196 μάτων
275 1111 312 1178 ἐν
329 1108 436 1197 Ῥώμη
467 1113 794 1197 κατασκευάσασθαι,
822 1113 860 1180 ἐυ
888 1105 914 1202 ᾧ
938 1115 1090 1180 θύσουσί
1109 1107 1136 1178 θ’

134 1219 171 1284 αί
195 1221 308 1297 πόλεις
336 1221 576 1304 συνερχόμεναι
603 1217 682 1284 καθ’
710 1219 850 1286 ἕκαστον
878 1219 1035 1287 ἐνιαυτὸν
1063 1221 1139 1296 ίδίας

98 1349 124 1389 10
133 1349 167 1392 τε
190 1324 246 1391 καὶ
268 1327 383 1403 κοινὰς
404 1328 529 1403 θυσίας
551 1323 606 1390 καὶ
628 1327 831 1412 πανηγύρεις
854 1325 1010 1410 άξουσιν,
1039 1326 1075 1392 ἐν
1098 1318 1140 1402 οἷς

133 1431 175 1497 άν
203 1433 342 1516 ὁρίσωσι
371 1435 520 1518 χρόνοις,
548 1434 617 1516 καί,
647 1438 681 1497 εί
698 1456 731 1498 τι
752 1431 885 1517 γένοιτο
909 1437 1139 1520 πρόσκρουσμα

133 1540 353 1624 αι’νιαίςπρὸς
376 1540 529 1624 άλλήλας,
553 1537 589 1603 ἐκ
611 1549 679 1605 τῶν
703 1540 802 1625 ίεριίιν
847 1549 946 1606 τοῦτο
971 1541 1140 1606 διαλύσον-

132 1669 201 1726 ται,
234 1656 306 1722 ταῖς
338 1647 452 1722 άλλαις
484 1647 621 1711 πόλεσιν
650 1644 866 1731 ἐπιτρέψασαι
892 1648 934 1712 τὰ
961 1646 1140 1732 ἐγκλήματα

97 1753 325 1834 4διαγνῶυαι.
372 1751 503 1828 διεξιὼν
534 1760 638 1816 ταῦτα
669 1774 704 1818 τε
731 1750 785 1816 καί
814 1753 876 1817 ὅσα
904 1753 988 1817 άλλα
1015 1751 1140 1831 ἕξουσιν

99 1881 124 1922 15
134 1858 245 1940 ἀγαθά
273 1859 514 1943 βουλευτήριον
542 1857 864 1942 ἐγκαταστησάμενοι
890 1858 1017 1936 πάντας
1040 1861 1139 1924 ἔπεισε

133 1966 213 2041 τοὺς
235 1963 272 2029 ἐν
295 1971 340 2050 τῷ
365 1965 532 2050 συνεδρίω
555 1967 735 2048 παρόντας·
763 1961 820 2048 καλ
838 1966 919 2049 μετά
936 1973 1038 2031 τοῦτο
1056 1988 1139 2030 κατε-

134 2071 296 2136 σκεύασεν
323 2069 356 2149 ἐξ
380 2065 428 2135 ὧν
451 2071 575 2135 ἅπασαι
598 2072 808 2154 συνήνεγκαν
832 2072 869 2136 αλ
888 2074 1002 2150 πόλεις
1023 2072 1139 2158 χρημά-

133 2199 200 2242 των
219 2178 278 2242 τὸν
296 2174 555 2261 τήςἏρτέμιόος
569 2175 667 2258 νεών,
690 2179 749 2242 τὸν
764 2175 816 2242 ἐπὶ
830 2185 891 2242 τοῦ
906 2181 1065 2261 μεγίστου
1079 2189 1174 2244 τωνιοι

134 2284 171 2350 ἐν
197 2294 236 2370 τῇ
259 2280 365 2371 Ῥώμη
393 2286 510 2368 λόφων
539 2280 720 2367 ίὸρυμέυον
745 2282 948 2348 Αὐεντίνου·
986 2280 1043 2350 καὶ
1070 2287 1140 2360 τοὺς
1189 2369 1190 2380 η

98 2416 124 2454 ιο
134 2394 259 2477 νόμους
279 2389 467 2475 συνέγραψε
485 2399 557 2465 ταῖς
575 2391 690 2454 πόλεσι
708 2391 791 2474 πρὸς
810 2389 954 2473 ἀλλήλας
971 2388 1027 2456 καὶ
1046 2386 1140 2455 τᾶλλα

133 2499 173 2561 τά
195 2495 271 2581 περὶ
288 2498 350 2579 τήν
370 2494 488 2581 ἑορτήν
507 2492 562 2559 καὶ
580 2496 780 2579 πανήγυριν,
804 2495 845 2560 ὃν
859 2495 1140 2580 ἐπιτελεσθήσεται

98 2604 274 2686 ὅτρόπον,
307 2600 427 2679 ἔταξεν.
473 2601 529 2666 ἵνα
557 2597 595 2665 δὲ
622 2599 737 2684 μηδείς
763 2603 885 2685 χρόνος
911 2602 1034 2680 αὐτοὺς
1063 2603 1140 2688 άρια-

134 2712 228 2794 υίση,
251 2711 375 2792 στήλην
397 2707 643 2784 κατασκευάσας
665 2711 790 2791 χαλκήν
814 2709 960 2792 ἔγραψεν
984 2709 1022 2775 ἐν
1044 2710 1139 2794 ταύτῃ
1188 2747 1189 2782 ι

133 2816 174 2880 τά
195 2838 231 2881 τε
255 2815 396 2895 δόξαντα
419 2827 489 2892 τοῖς
511 2812 688 2899 συνέδροις
710 2810 765 2877 καὶ
788 2815 846 2891 τὰς
868 2816 1070 2899 μετεχούσας
1092 2826 1140 2899 τής

205 2971 325 3036 λόντας
347 2972 445 3028 om.A
526 2970 677 3042 4όγκωΒ
714 2969 850 3041 όγκοιςΙί
932 2973 1139 3045 ὂκρείττονιΒ

41 3049 44 3056 “
134 3052 259 3116 κρεῖττον
278 3045 334 3112 R,
386 3049 418 3097 12
438 3042 557 3112 ἀλλήλας
575 3026 652 3098 AEb
689 3041 820 3110 ἀλλήλαις
837 3042 884 3096 Ba
903 3048 908 3110 Ι
929 3039 961 3099 ἐκ
984 3053 1041 3100 τῶν
1065 3044 1140 3115 ίερῶν

134 3119 296 3186 corruptum
318 3115 432 3170 videtur
448 3114 633 3184 Kiesslingffi,
657 3113 706 3182 qui
725 3109 757 3168 ἐκ
775 3121 830 3168 τῶν
850 3115 917 3169 ίσων
935 3115 983 3170 vel
1001 3117 1060 3172 tale
1079 3114 1140 3185 quid
1187 3149 1188 3201 χ

134 3188 223 3241 latere
243 3186 401 3257 suspicassur
420 3182 525 3240 ἐκτῶν
544 3194 647 3240 κοινῶν
666 3202 689 3238 c.
710 3184 837 3240 Schaller
857 3190 861 3253 Ι
881 3194 963 3241 τοῦτο
982 3187 1005 3239 Β
1042 3189 1139 3243 τούτων

134 3259 160 3310 Α
195 3255 288 3326 νόμων
307 3276 330 3313 ο.
349 3256 453 3311 Reiske
519 3263 552 3311 14
569 3255 766 3327 διαγνῶναιΒ
803 3258 934 3312 διαλῦσαι
952 3258 978 3311 R
1050 3265 1084 3314 26
1103 3253 1141 3326 ἐγ-

135 3327 380 3396 καταστησάμενοι·
392 3328 467 3382 ABb
496 3323 528 3383 ἐν
541 3326 786 3396 καταστησάμενος
799 3327 845 3381 Ba
872 3323 1141 3400 ἐγκαταστησάμενοι

135 3397 161 3448 R
243 3403 275 3450 18
294 3397 390 3450 νεὼΒ
470 3404 504 3452 22
524 3395 556 3452 δὲ
576 3399 640 3453 add.
659 3397 706 3451 Bb
792 3404 826 3452 23
847 3396 971 3469 ἔγραψεν
992 3442 997 3454 .
1018 3443 1024 3454 .
1043 3401 1074 3454 in
1092 3402 1140 3454 fine

136 3481 232 3520 versus
248 3468 253 3533 1
269 3461 300 3519 ἐν
318 3467 405 3536 ταότη
423 3467 458 3520 τά
476 3487 505 3521 τε
525 3466 647 3532 δόξαντα
664 3474 722 3531 τοῖς
741 3466 886 3537 συνέδροις
904 3491 921 3524 κ
939 3470 970 3524 in
988 3487 1042 3526 ran.
1062 3471 1085 3524 B
1186 3509 1187 3521 ,
