2394 3912
132 179 198 244 356
561 180 720 232 -ς-

132 342 250 408 καὶτὰ
274 344 359 426 ἔθνη
382 343 423 407 τά
446 341 539 426 πέριξ
560 342 656 427 ήμῶν
673 342 813 424 ἅπαντα,
836 337 949 405 καὶτὸ
968 340 1137 423 δημοτικὸν

132 449 170 516 έν
193 449 333 535 οὐδεμιᾷ
356 451 450 513 πόλει
474 458 696 532 μεταποιεῖται
718 456 786 512 τῶν
810 451 904 528 ἰσων,
929 446 1009 510 ὥστε
1026 445 1064 510 οὐ
1084 447 1139 529 δή-

129 575 199 622 που
226 557 262 621 οἰ
288 554 494 641 προῦχοντες
521 554 557 620 έν
585 553 705 638 ἑκάστη
733 556 827 619 πόλει
854 553 915 618 τὸν
941 554 1059 618 οἰκεῖον
1081 552 1138 618 οὐκ

133 660 250 738 ἐῶντες
272 670 469 748 παρακινεῖν
492 662 604 745 όχλον,
627 669 749 727 τοῦτον
772 658 977 737 εἰσδέξονται
994 661 1050 725 τὸν
1067 662 1138 742 ἕπη-

105 774 196 834 τλυν
218 766 274 834 καὶ
298 768 500 851 στασιαστὴν
519 770 566 844 εἰς
584 768 646 850 τήν
666 765 794 833 ἑαυτῶν
812 767 967 850 πατρίδα,
990 766 1033 849 μή
1051 789 1138 849 μετα-

133 876 248 952 δόντες
271 871 366 940 αὐτοὶ
389 884 457 938 τῶν
480 872 608 957 ὁμοίων
632 876 696 939 σὺν
717 875 827 959 χρόνῳ
847 875 1061 958 στερήσονται
1078 883 1139 937 τῶν

97 979 118 1044 5
133 987 225 1047 ἰσυν.
262 984 294 1047 εἰ
311 975 341 1046 δ’
365 982 430 1065 άρα
448 1003 485 1063 γε
503 981 639 1064 γνώμης
659 979 836 1065 ἁμάρτοιμι
853 976 910 1043 καὶ
928 976 1137 1064 παραδέξαιτό

131 1112 181 1164 τις
208 1087 330 1163 αὐτοὺς
360 1091 469 1169 πόλις,
497 1085 646 1151 ἐνταῦθα
674 1086 716 1168 δή
740 1081 1015 1168 διαγινώσκοινθ’
1039 1085 1081 1162 ὡς
1103 1084 1139 1149 ἂν

132 1192 288 1278 πολέμιοί
307 1215 341 1258 τε
366 1195 459 1269 ὄντες
476 1191 532 1258 καί
550 1194 590 1258 τὰ
608 1195 778 1277 πολεμίων
796 1196 999 1278 πεισόμενοι.
1030 1193 1138 1277 ἔχομεν

97 1321 122 1360 ιο
133 1296 164 1365 δ’
188 1299 299 1364 αὐτῶν
328 1298 436 1384 ὅμηρα
462 1299 614 1384 πατέρας
632 1298 687 1366 καί
712 1301 854 1385 γαμετάς
881 1297 938 1364 καὶ
960 1300 1022 1382 τήν
1044 1299 1139 1381 άλλην

133 1404 341 1490 συγγένειαν,
362 1400 410 1471 ὧν
429 1402 502 1470 οὐδ’
521 1403 563 1470 ἂν
581 1406 755 1491 εὐχόμενοι
768 1409 942 1492 κρείττονα
956 1406 1044 1490 παρὰ
1057 1410 1139 1470 θεῶν

132 1513 366 1598 αἰτησαίμεθα·
394 1511 454 1590 οὓς
468 1511 505 1578 ἐν
519 1513 594 1590 ὄψει
608 1523 676 1577 τῶν
690 1522 864 1595 συγγενῶν
880 1515 1059 1595 στήσαντες
1068 1511 1138 1576 ἀπο

132 1622 267 1702 λοῦμεν,
292 1621 323 1683 εἰ
343 1622 544 1703 τολμήσαιεν
568 1618 668 1703 ὁμόσε
691 1630 822 1704 χωρεῖν,
846 1619 892 1696 ῶς
909 1629 981 1696 ταῖς
1000 1617 1183 1703 έσχάταιςιιιι

131 1724 255 1806 λώβαις
278 1725 544 1810 διαχρησόμενοι.
585 1723 639 1789 καὶ
663 1726 796 1809 αὐτούς,
819 1728 850 1791 εἰ
870 1735 971 1812 τοῦτο
995 1727 1137 1810 μάθοιεν,

97 1850 121 1891 16
132 1823 170 1892 εὖ
199 1834 282 1911 ἰστε,
313 1830 363 1894 ὅτι
388 1833 537 1914 λήψεσθε
560 1830 834 1916 ἀντιβολοῦντας,
863 1829 1136 1916 ὀλοφυρομένους,

130 1936 377 2018 παραδιδόντας
416 1946 503 2021 σφῖις
539 1937 663 2015 αὐτοὺς
699 1939 779 2022 ἡμῖν
815 1939 892 2022 δίχα
923 1949 992 2003 τῶν
1025 1939 1137 2017 ὅπλον,

130 2041 259 2108 ἅπαντα
287 2042 525 2128 ὑπομένοντας.
572 2042 680 2109 δειναί
709 2046 773 2130 γάρ
800 2045 837 2109 αἰ
857 2044 1136 2128 τοιαίδεάνάγκαι
1182 2040 1183 2110 ἰ

132 2147 214 2230 [καί]
233 2150 358 2228 πάντας
376 2154 457 2229 τοὺς
475 2151 637 2228 αὐθάδεις
656 2153 836 2236 λογισμοὺς
849 2152 968 2217 κλάσαι
981 2149 1038 2217 καὶ
1052 2173 1136 2216 κατα-

130 2257 245 2336 βαλεῖν
267 2258 315 2335 εἰς
337 2258 374 2322 τὸ
400 2255 514 2342 μηδέν.
1181 2231 1182 2306 δ

94 2384 121 2422 το
196 2361 313 2428 LXIII.
330 2353 392 2428 Ὧν
416 2359 478 2447 μέν
501 2363 543 2446 δή
566 2365 665 2448 χάριν
688 2366 749 2430 τὸν
767 2363 803 2430 ἐκ
820 2375 888 2430 τῶν
907 2364 1072 2449 φυγάδων
1088 2365 1136 2428 πό

82 2469 86 2480 ’
131 2472 233 2552 λεμον
266 2469 327 2534 οὐκ
360 2467 441 2547 άξιῶ
475 2469 621 2536 δεδιέναι
654 2465 746 2536 ταῦτ’
772 2471 854 2536 ἐστι’
890 2472 931 2536 τά
960 2467 992 2534 δ’
1018 2469 1056 2536 ἐκ
1081 2481 1135 2535 τῶν
1179 2539 1180 2556 ἢ

130 2573 325 2641 ἀλλοεθνῶν
344 2576 474 2660 φοβερά
492 2576 533 2641 οὐ
552 2586 616 2642 νῦν
636 2589 769 2661 πρῶτον
785 2577 1039 2672 ἐξετασθήσεται
1054 2575 1136 2662 μέχρι

130 2684 234 2764 λόγου
256 2690 394 2748 τοιαῦτα
417 2683 514 2766 όντα,
541 2682 625 2749 άλλά
649 2683 705 2750 καί
727 2687 906 2771 πρότερον,
930 2683 1047 2760 ὁσάκις
1067 2683 1135 2766 ἡμῖν

130 2797 249 2871 πεῖραν
282 2786 409 2854 ἑαυτῶν
442 2790 586 2873 ἔδωκαν,
621 2789 743 2856 ἐλάττω
774 2800 832 2874 της
865 2791 964 2875 δόξης
996 2789 1134 2873 διεφάνη.

204 3019 218 3068 1
239 3014 288 3069 καί
306 3016 402 3070 om.B
479 3024 494 3072 5
515 3018 650 3073 αἰτῶνΒ
723 3021 855 3082 6αότοὶς
871 3019 918 3072 Bb
944 3024 949 3088 Ι
975 3017 1049 3081 ὅπως
1066 3016 1100 3087 μὴ
1115 3031 1132 3067 c.

133 3085 221 3140 Cobet
239 3084 305 3139 obs.
322 3104 350 3157 p.
368 3093 418 3142 126
484 3095 550 3159 ’ἰγε
569 3088 624 3144 del.
644 3088 734 3144 Cobet
751 3090 770 3144 l.
789 3091 807 3144 l.
871 3087 944 3145 8διν
963 3090 1001 3152 ὡς
1017 3085 1134 3143 Hertlein

131 3155 287 3210 HermesX
305 3161 357 3212 416
438 3164 471 3212 10
490 3159 539 3213 καί
556 3158 681 3230 πατέρας
700 3160 787 3216 editio
805 3160 956 3230 Kiessling.
1028 3165 1059 3214 12
1078 3158 1133 3227 ηχη

134 3226 258 3302 σαίμεθα
276 3225 304 3305 0.
336 3225 529 3297 αἰτησαίμεθα
549 3229 670 3300 Sylburg
731 3239 762 3286 13
782 3231 984 3303 ἀπολοῦμενθ
1015 3231 1133 3286 ἀπειλεῖν

168 3311 185 3345 ν
203 3293 345 3364 K1esshng
434 3304 466 3352 1⁷
485 3319 548 3353 τοια
567 3301 614 3354 Ba
650 3301 775 3372 ἀνάγκαι
792 3321 846 3359 om.
864 3303 890 3356 A
973 3307 1006 3357 18
1023 3303 1074 3356 καί
1089 3299 1133 3353 deI

134 3311 235 3426 ffiussk
315 3370 348 3420 22
368 3366 450 3438 μέχρι
473 3367 561 3438 λόγων
581 3387 604 3427 ο.
624 3301 798 3443 δταεοοεμοτ
815 3373 982 3442 Philologus
1000 3379 1034 3428 28
1053 3373 1133 3442 (1869)

136 3443 162 3491 P·
177 3433 228 3479 346
300 3439 333 3486 23
352 3445 474 3491 τοσαῦτα
493 3455 515 3493 ο.
534 3440 679 3512 Kiessling
