2394 3912
479 233 641 284 -5-
1006 233 1072 300 323

52 394 370 478 καταφρονήσαντες
398 393 501 479 ὑμῶν.
548 395 628 460 ὅταν
657 391 694 459 δὲ
722 397 801 472 τοὺς
823 399 1004 481 πολεμίους
1026 419 1073 461 τι-

52 501 275 584 μωρήσησθε,
308 497 477 585 ἐγγυῶμαι
507 499 589 585 ὑμῖν
616 502 678 584 τὴν
705 503 833 585 βουλὴν
861 501 926 586 ἐγὼ
953 502 1011 581 τός
1036 524 1072 568 τε

51 601 138 691 ὑπὲρ
167 616 234 672 τῶν
261 617 370 693 χρεῶν
398 608 605 691 φιλονεικίας
631 605 687 673 καὶ
714 608 732 673 ὅ
759 630 792 673 τι
819 606 861 674 δν
885 609 967 674 ἄλλο
989 609 1068 696 παρ’

51 710 157 796 αὐτῆς
180 714 319 797 αἰτῆσθε
341 712 492 800 μέτριον,
520 713 620 792 ἀξίως
641 724 699 800 τῆς
722 713 853 801 ἀρετῆς,
878 715 922 800 ἣν
945 713 987 781 δν
1010 737 1070 781 πα-

51 818 226 904 ράσχησθε
244 817 281 886 ἐν
299 828 344 909 τῷ
363 819 508 908 πολέμῳ,
527 821 738 906 βραβεύσειν.
765 821 847 900 τέως
866 817 897 886 δ’
915 799 1106 914 ἀφείσθωὲ

4 932 141 990 133πᾶσα
166 922 227 1010 μὲν
251 927 365 1011 οὐσία,
393 936 460 993 πᾶν
483 923 521 992 δὲ
544 939 654 1013 σῶμα,
677 937 766 994 πᾶσα
790 924 821 994 δ’
843 927 989 1013 ἐπιτιμία
1011 949 1070 994 πο-

50 1033 148 1097 λίτου
168 1027 330 1119 Ῥωμαίου
354 1034 576 1120 ἀρρυσίαστος
599 1035 664 1100 ἀπό
682 1058 717 1102 τε
737 1037 873 1101 δανείου
891 1033 946 1101 καὶ
966 1037 1070 1102 ῦλλου

49 1139 177 1216 παντὸς
200 1141 418 1225 συμβολαίου.
456 1150 525 1218 τοῖς
549 1138 586 1206 δὲ
604 1143 788 1228 προθύμως
807 1139 1071 1228 ἀγωνισαμένοις

49 1243 227 1323 κάλλιστος
249 1243 311 1331 μὲν
334 1245 500 1332 στέφανος
521 1249 617 1325 πόλις
640 1249 699 1331 ἥδε
722 1247 743 1331 ἡ
766 1246 945 1333 γειναμένη
965 1257 1070 1315 στᾶσα

50 1349 157 1436 ὀρθή,
189 1350 288 1430 ιωὶλὸς
321 1350 358 1418 δὲ
389 1350 445 1418 καὶ
475 1353 493 1418 ὁ
521 1354 610 1439 παρὰ
637 1364 704 1420 τῶν
732 1356 907 1420 συνόντων
935 1355 1069 1433 ἔπαινος
1083 1375 1110 1414 10

50 1456 202 1544 ὑπάρξει·
240 1457 296 1524 καὶ
328 1459 346 1525 ό
379 1455 458 1544 παρ’
490 1459 584 1545 ἡμῶν
616 1463 740 1546 κόσμος
772 1461 886 1539 ίκανὸς
914 1453 1008 1527 οἶκόν
1035 1456 1066 1526 τ’

50 1563 289 1651 ἐπανορθῶσαι
315 1568 461 1653 χρήμασι
482 1565 539 1632 καὶ
561 1565 658 1651 γένος
682 1565 927 1655 ἐπιλαμπρῦναι
950 1577 1068 1653 τιμαῖς.

49 1671 259 1758 παράδειγμά
291 1695 326 1739 τε
353 1672 435 1757 ὑμῖν
463 1671 543 1751 ἀξιῶ
572 1670 735 1756 γενέσθαι
762 1674 888 1759 τούμδν
916 1676 964 1752 είς
990 1677 1069 1752 τοὺς

49 1779 232 1856 κινδύνους
254 1781 447 1866 πρόθυμον·
478 1778 773 1865 ὑπεραγωνιοῦμαι
795 1783 860 1867 γὰρ
884 1781 928 1858 ὡς
953 1780 1068 1867 ὁκρύ-

50 1900 145 1950 τιστα
169 1883 356 1972 ἐρρωμένος
378 1885 483 1971 ὑμῶν.
1082 1905 1110 1978 1ο

117 1991 286 2056 XXXXII.
314 1988 414 2057 Ταῦτ’
431 1993 584 2068 είπόυτος
602 1992 707 2057 αὐτοῦ
725 2002 789 2071 πᾶς
807 1993 825 2059 ό
847 1994 952 2078 δῆμος
969 1995 1068 2079 ἄσμε-

50 2121 109 2175 νος
132 2097 278 2175 ἀκούσας
301 2099 346 2175 ὡς
369 2095 470 2164 οῦδὲν
488 2100 536 2163 ἔτι
556 2101 890 2184 φενακισθησόμενος
909 2098 1067 2185 ὑπέσχετο

50 2204 266 2291 συνάρασθαι
292 2212 354 2270 τοῦ
380 2203 546 2288 πολέμους
573 2203 630 2270 καὶ
656 2208 784 2288 γίνεται
808 2203 887 2270 δέκα
910 2221 1068 2291 στρατιω-

50 2312 124 2376 τικὰ
144 2311 304 2394 τάγματα,
324 2309 357 2389 ἐξ
377 2310 513 2394 ἀνδρῶν
526 2314 796 2397 τετρακισχιλίων
811 2309 958 2388 ἕκαστον.
991 2313 1068 2377 τού-

49 2440 117 2482 των
148 2418 225 2502 τρία
256 2413 317 2502 μὲν
350 2416 501 2502 ἑκύτερος
532 2429 600 2483 τῶν
627 2418 764 2484 ῦπύτων
791 2421 889 2502 ἔλαβε
916 2415 972 2483 καὶ
999 2429 1067 2484 τῶν
1081 2437 1108 2477 20

5 2522 177 2590 134ίππέων
196 2523 279 2589 ὅσον
299 2521 424 2612 ἕκαστφ
444 2530 707 2610 προσεμερίσθη·
740 2525 781 2590 τὰ
800 2521 837 2589 δὲ
855 2523 993 2612 τέτταρα
1011 2522 1067 2590 καλ

50 2632 128 2707 τοὺς
146 2632 284 2706 λοιποὺς
304 2630 443 2707 ίππεῖςδ
460 2631 631 2717 δικτάτωρ.
658 2629 713 2696 καὶ
727 2631 845 2696 αὐτίκα
858 2647 1067 2718 παρασκευα-

50 2735 187 2819 σάμενοι
217 2735 345 2826 ρ’όχοντο
375 2737 430 2801 διδ
457 2736 578 2822 τύχους
606 2735 659 2802 ἐπὶ
687 2733 749 2822 μὲν
772 2738 942 2814 Αίκαυοῦς
969 2741 1066 2815 Τῖτος

52 2840 268 2928 Οὐετούριος,
299 2841 353 2910 ἐπὶ
381 2836 415 2908 δ’
448 2843 684 2921 Οὐολούσκους
713 2839 827 2922 Αὖλος
856 2845 1065 2931 Οὐεργίνιος,

121 3071 343 3197 ῦβρορρλεύεινΑ
364 3073 368 3142 Ι
389 3074 608 3142 φιλανθρωπίας
627 3089 650 3127 c.
671 3071 836 3126 dubitanter
853 3070 999 3140 Kiessling
1049 3077 1064 3126 ‘1

52 3136 180 3209 βωμαίων
260 3140 385 3215 βωμαίου
404 3142 448 3197 A?
466 3146 496 3198 et
515 3142 638 3212 Sylburg
728 3149 852 3198 9οτᾶσα
870 3143 894 3196 Β
914 3144 943 3197 et
961 3141 1066 3196 Reiske

39 3213 169 3267 -πῦσαΒ
260 3221 294 3270 10
313 3211 468 3286 συνόντων]
494 3211 664 3269 συνειδότων
683 3231 705 3269 ο.
724 3213 869 3283 Kiessling
960 3220 993 3268 13
1013 3213 1065 3268 *τὸ

53 3276 158 3350 ἐμὸνΟ
249 3291 284 3340 18
303 3284 526 3356 σονύρασθαιΟ
563 3288 752 3354 συναρεῖσθαι
775 3283 864 3340 Cobet
887 3283 944 3340 Ob·
963 3303 992 3354 p.
1012 3289 1065 3339 120

53 3352 178 3410 Hertlein
196 3355 313 3412 Hermes
324 3357 358 3410 ‘X
371 3361 424 3411 415
445 3360 449 3426 Ι
469 3357 534 3419 τοὺς
552 3354 620 3411 πολὲ
641 3377 689 3420 ους
708 3356 754 3410 Ba
770 3359 773 3423 Ι
794 3355 842 3410 καλ
866 3357 976 3426 γίνεται
994 3353 1065 3410 δέκα

52 3421 217 3553 ιὲοὴγένρτρι
235 3425 267 3484 δὲ
282 3426 513 3498 καλ-τάγματα
528 3377 640 3482 δέκαβ
697 3434 729 3482 21
752 3424 904 3490 ἐκαυτοςΟ
934 3421 1066 3498 ἑκάτερος

848 3585 904 3641 21*
