<?xml version="1.0" encoding="UTF-8"?>
<!DOCTYPE html PUBLIC "-//W3C//DTD XHTML 1.0 Transitional//EN"
    "http://www.w3.org/TR/xhtml1/DTD/xhtml1-transitional.dtd">
<html xmlns="http://www.w3.org/1999/xhtml" xml:lang="en" lang="en">
 <head>
  <title>
</title>
<meta http-equiv="Content-Type" content="text/html;charset=utf-8" />
  <meta name='ocr-system' content='tesseract 3.04.00' />
  <meta name='ocr-capabilities' content='ocr_page ocr_carea ocr_par ocr_line ocrx_word'/>
</head>
<body>
  <div class='ocr_page' id='page_1' title='image "./antiquitatumrom01jacogoog_0202.png"; bbox 0 0 2400 3912; ppageno 0'>
   <div class='ocr_carea' id='block_1_1' title="bbox 439 213 1030 279">
    <p class='ocr_par' dir='ltr' id='par_1_1' title="bbox 439 213 1030 279">
     <span class='ocr_line' id='line_1_1' title="bbox 439 213 1030 279; baseline 0.007 -5"><span class='ocrx_word' id='word_1_1' title='bbox 439 214 604 262; x_wconf 82' lang='grc' dir='ltr'><strong><em>-Ε-</em></strong></span> <span class='ocrx_word' id='word_1_2' title='bbox 969 213 1030 279; x_wconf 89' lang='grc'><strong><em>191</em></strong></span> 
     </span>
    </p>
   </div>
   <div class='ocr_carea' id='block_1_2' title="bbox 37 365 1034 461">
    <p class='ocr_par' dir='ltr' id='par_1_2' title="bbox 37 365 1034 461">
     <span class='ocr_line' id='line_1_2' title="bbox 37 365 1034 461; baseline 0.006 -25"><span class='ocrx_word' id='word_1_3' title='bbox 37 369 90 436; x_wconf 82' lang='grc' dir='ltr'><strong><em>ὑπὸ</em></strong></span> <span class='ocrx_word' id='word_1_4' title='bbox 110 365 273 456; x_wconf 82' lang='grc' dir='ltr'><strong><em>Ῥωμαίων</em></strong></span> <span class='ocrx_word' id='word_1_5' title='bbox 300 375 446 439; x_wconf 84' lang='grc' dir='ltr'><strong><em>καλείται</em></strong></span> <span class='ocrx_word' id='word_1_6' title='bbox 470 373 552 440; x_wconf 84' lang='grc' dir='ltr'><strong><em>κατὰ</em></strong></span> <span class='ocrx_word' id='word_1_7' title='bbox 573 374 635 458; x_wconf 76' lang='grc' dir='ltr'><strong><em>την</em></strong></span> <span class='ocrx_word' id='word_1_8' title='bbox 658 373 837 461; x_wconf 83' lang='grc' dir='ltr'><strong><em>ἐπιχώριον</em></strong></span> <span class='ocrx_word' id='word_1_9' title='bbox 860 377 1034 443; x_wconf 88' lang='grc' dir='ltr'><strong><em>διάλεκτον</em></strong></span> 
     </span>
    </p>
   </div>
   <div class='ocr_carea' id='block_1_3' title="bbox 35 475 1144 1631">
    <p class='ocr_par' dir='ltr' id='par_1_3' title="bbox 36 475 1060 1205">
     <span class='ocr_line' id='line_1_3' title="bbox 39 475 1034 568; baseline 0.007 -25"><span class='ocrx_word' id='word_1_10' title='bbox 39 477 66 560; x_wconf 76' lang='grc' dir='ltr'><strong><em>[η</em></strong></span> <span class='ocrx_word' id='word_1_11' title='bbox 92 475 234 563; x_wconf 86' lang='grc' dir='ltr'><strong><em>φέρουσα</em></strong></span> <span class='ocrx_word' id='word_1_12' title='bbox 267 480 382 557; x_wconf 91' lang='grc' dir='ltr'><strong><em>δίοδος</em></strong></span> <span class='ocrx_word' id='word_1_13' title='bbox 415 479 486 546; x_wconf 88' lang='grc' dir='ltr'><strong><em>ἀπὸ.</em></strong></span> <span class='ocrx_word' id='word_1_14' title='bbox 510 488 569 563; x_wconf 82' lang='grc' dir='ltr'><strong><em>τῆς</em></strong></span> <span class='ocrx_word' id='word_1_15' title='bbox 601 480 724 568; x_wconf 80' lang='grc' dir='ltr'><strong><em>ἀγοράς</em></strong></span> <span class='ocrx_word' id='word_1_16' title='bbox 757 479 810 547; x_wconf 78' lang='grc' dir='ltr'><strong><em>ἐπὶ</em></strong></span> <span class='ocrx_word' id='word_1_17' title='bbox 840 484 901 548; x_wconf 88' lang='grc' dir='ltr'><strong><em>τὸν</em></strong></span> <span class='ocrx_word' id='word_1_18' title='bbox 929 481 1034 568; x_wconf 80' lang='grc' dir='ltr'><strong><em>μέγαν</em></strong></span> 
     </span>
     <span class='ocr_line' id='line_1_4' title="bbox 38 581 1034 673; baseline 0.006 -24"><span class='ocrx_word' id='word_1_19' title='bbox 38 586 251 671; x_wconf 74' lang='grc' dir='ltr'><strong><em>ἱππόδρομον]</em></strong></span> <span class='ocrx_word' id='word_1_20' title='bbox 276 581 355 652; x_wconf 76' lang='grc' dir='ltr'><strong><em>ἀνθ’</em></strong></span> <span class='ocrx_word' id='word_1_21' title='bbox 378 581 427 652; x_wconf 78' lang='grc' dir='ltr'><strong><em>ὧν</em></strong></span> <span class='ocrx_word' id='word_1_22' title='bbox 449 585 589 673; x_wconf 82' lang='grc' dir='ltr'><strong><em>εύροντο</em></strong></span> <span class='ocrx_word' id='word_1_23' title='bbox 608 589 698 671; x_wconf 83' lang='grc' dir='ltr'><strong><em>παρὰ</em></strong></span> <span class='ocrx_word' id='word_1_24' title='bbox 717 596 777 653; x_wconf 92' lang='grc' dir='ltr'><strong><em>τοῦ</em></strong></span> <span class='ocrx_word' id='word_1_25' title='bbox 795 588 957 671; x_wconf 81' lang='grc' dir='ltr'><strong><em>βασιλέως</em></strong></span> <span class='ocrx_word' id='word_1_26' title='bbox 976 589 1034 655; x_wconf 88' lang='grc' dir='ltr'><strong><em>αύ-</em></strong></span> 
     </span>
     <span class='ocr_line' id='line_1_5' title="bbox 36 685 1034 782; baseline 0.008 -28"><span class='ocrx_word' id='word_1_27' title='bbox 36 702 91 756; x_wconf 80' lang='grc' dir='ltr'><strong><em>τῦν</em></strong></span> <span class='ocrx_word' id='word_1_28' title='bbox 115 693 242 777; x_wconf 82' lang='grc' dir='ltr'><strong><em>δωρεάν</em></strong></span> <span class='ocrx_word' id='word_1_29' title='bbox 270 692 311 758; x_wconf 88' lang='grc' dir='ltr'><strong><em>ού</em></strong></span> <span class='ocrx_word' id='word_1_30' title='bbox 332 694 396 776; x_wconf 82' lang='grc' dir='ltr'><strong><em>την</em></strong></span> <span class='ocrx_word' id='word_1_31' title='bbox 420 685 595 778; x_wconf 78' lang='grc' dir='ltr'><strong><em>ἐλαχίστου</em></strong></span> <span class='ocrx_word' id='word_1_32' title='bbox 619 691 730 777; x_wconf 86' lang='grc' dir='ltr'><strong><em>ἀξίαν,</em></strong></span> <span class='ocrx_word' id='word_1_33' title='bbox 759 691 830 760; x_wconf 86' lang='grc' dir='ltr'><strong><em>ἀλλ’</em></strong></span> <span class='ocrx_word' id='word_1_34' title='bbox 853 692 906 779; x_wconf 88' lang='grc' dir='ltr'><strong><em>ἐφ’</em></strong></span> <span class='ocrx_word' id='word_1_35' title='bbox 928 687 950 782; x_wconf 77' lang='grc' dir='ltr'><em>ᾗ</em></span> <span class='ocrx_word' id='word_1_36' title='bbox 974 697 1034 780; x_wconf 92' lang='grc' dir='ltr'><strong><em>μά-</em></strong></span> 
     </span>
     <span class='ocr_line' id='line_1_6' title="bbox 36 797 1060 888; baseline 0.002 -26"><span class='ocrx_word' id='word_1_37' title='bbox 36 803 113 863; x_wconf 87' lang='grc' dir='ltr'><strong><em>λιστα</em></strong></span> <span class='ocrx_word' id='word_1_38' title='bbox 139 797 311 883; x_wconf 73' lang='grc' dir='ltr'><strong><em>ἥσθησαν,</em></strong></span> <span class='ocrx_word' id='word_1_39' title='bbox 340 800 403 883; x_wconf 78' lang='grc' dir='ltr'><strong><em>τὴν</em></strong></span> <span class='ocrx_word' id='word_1_40' title='bbox 435 797 542 884; x_wconf 88' lang='grc' dir='ltr'><strong><em>πέραν</em></strong></span> <span class='ocrx_word' id='word_1_41' title='bbox 568 808 630 865; x_wconf 87' lang='grc' dir='ltr'><strong><em>τοῦ</em></strong></span> <span class='ocrx_word' id='word_1_42' title='bbox 657 809 809 885; x_wconf 76' lang='grc' dir='ltr'><strong><em>ποταμοῦ</em></strong></span> <span class='ocrx_word' id='word_1_43' title='bbox 835 803 962 888; x_wconf 84' lang='grc' dir='ltr'><strong><em>χώραν,</em></strong></span> <span class='ocrx_word' id='word_1_44' title='bbox 994 798 1060 887; x_wconf 78' lang='grc' dir='ltr'><strong><em>ἧςι</em></strong></span> 
     </span>
     <span class='ocr_line' id='line_1_7' title="bbox 38 901 1035 992; baseline 0.007 -24"><span class='ocrx_word' id='word_1_45' title='bbox 38 901 204 988; x_wconf 86' lang='grc' dir='ltr'><strong><em>ἀπέστησαν</em></strong></span> <span class='ocrx_word' id='word_1_46' title='bbox 238 906 292 972; x_wconf 80' lang='grc' dir='ltr'><strong><em>ὅτε</em></strong></span> <span class='ocrx_word' id='word_1_47' title='bbox 325 906 500 972; x_wconf 76' lang='grc' dir='ltr'><strong><em>διελύοντο</em></strong></span> <span class='ocrx_word' id='word_1_48' title='bbox 532 907 593 972; x_wconf 89' lang='grc' dir='ltr'><strong><em>τὸν</em></strong></span> <span class='ocrx_word' id='word_1_49' title='bbox 624 908 785 992; x_wconf 90' lang='grc' dir='ltr'><strong><em>πόλεμον·</em></strong></span> <span class='ocrx_word' id='word_1_50' title='bbox 826 906 882 973; x_wconf 80' lang='grc' dir='ltr'><strong><em>καὶ</em></strong></span> <span class='ocrx_word' id='word_1_51' title='bbox 911 912 1035 986; x_wconf 82' lang='grc' dir='ltr'><strong><em>θυσίας</em></strong></span> 
     </span>
     <span class='ocr_line' id='line_1_8' title="bbox 37 1009 1034 1099; baseline 0.008 -25"><span class='ocrx_word' id='word_1_52' title='bbox 37 1009 184 1076; x_wconf 77' lang='grc' dir='ltr'><strong><em>ἀπέδοσαν</em></strong></span> <span class='ocrx_word' id='word_1_53' title='bbox 207 1021 278 1089; x_wconf 70' lang='grc' dir='ltr'><strong><em>τοῖς</em></strong></span> <span class='ocrx_word' id='word_1_54' title='bbox 295 1017 392 1089; x_wconf 71' lang='grc' dir='ltr'><strong><em>θεοῖς</em></strong></span> <span class='ocrx_word' id='word_1_55' title='bbox 405 1011 469 1078; x_wconf 89' lang='grc' dir='ltr'><strong><em>ἀπὸ</em></strong></span> <span class='ocrx_word' id='word_1_56' title='bbox 483 1011 660 1099; x_wconf 92' lang='grc' dir='ltr'><strong><em>χρημάτων</em></strong></span> <span class='ocrx_word' id='word_1_57' title='bbox 673 1017 819 1097; x_wconf 83' lang='grc' dir='ltr'><strong><em>πολλῶν,</em></strong></span> <span class='ocrx_word' id='word_1_58' title='bbox 842 1013 882 1093; x_wconf 84' lang='grc' dir='ltr'><strong><em>δς</em></strong></span> <span class='ocrx_word' id='word_1_59' title='bbox 896 1014 1034 1095; x_wconf 78' lang='grc' dir='ltr'><strong><em>εὔξαντο</em></strong></span> 
     </span>
     <span class='ocr_line' id='line_1_9' title="bbox 36 1114 1035 1205; baseline 0.006 -23"><span class='ocrx_word' id='word_1_60' title='bbox 36 1120 190 1201; x_wconf 76' lang='grc' dir='ltr'><strong><em>γενόμενοι</em></strong></span> <span class='ocrx_word' id='word_1_61' title='bbox 213 1119 316 1184; x_wconf 89' lang='grc' dir='ltr'><strong><em>πάλιν</em></strong></span> <span class='ocrx_word' id='word_1_62' title='bbox 338 1129 407 1184; x_wconf 82' lang='grc' dir='ltr'><strong><em>τῶν</em></strong></span> <span class='ocrx_word' id='word_1_63' title='bbox 424 1114 526 1184; x_wconf 67' lang='grc' dir='ltr'><strong><em>’Ππτά</em></strong></span> <span class='ocrx_word' id='word_1_64' title='bbox 548 1120 665 1204; x_wconf 80' lang='grc' dir='ltr'><strong><em>πάγων</em></strong></span> <span class='ocrx_word' id='word_1_65' title='bbox 684 1120 795 1205; x_wconf 85' lang='grc' dir='ltr'><strong><em>κύριοι</em></strong></span> <span class='ocrx_word' id='word_1_66' title='bbox 816 1120 1035 1189; x_wconf 88' lang='grc' dir='ltr'><strong><em>συντελέσειν.</em></strong></span> 
     </span>
    </p>

    <p class='ocr_par' dir='ltr' id='par_1_4' title="bbox 35 1221 1144 1631">
     <span class='ocr_line' id='line_1_10' title="bbox 86 1221 1144 1313; baseline 0.007 -25"><span class='ocrx_word' id='word_1_67' title='bbox 86 1221 247 1289; x_wconf 88' lang='lat' dir='ltr'>XXXVII.</span> <span class='ocrx_word' id='word_1_68' title='bbox 281 1221 442 1313; x_wconf 76' lang='grc' dir='ltr'><strong><em>Ἐνιαυτηῦ</em></strong></span> <span class='ocrx_word' id='word_1_69' title='bbox 472 1222 511 1291; x_wconf 76' lang='grc' dir='ltr'><strong><em>δέ</em></strong></span> <span class='ocrx_word' id='word_1_70' title='bbox 538 1223 672 1313; x_wconf 79' lang='grc' dir='ltr'><strong><em>πέμπτῳ</em></strong></span> <span class='ocrx_word' id='word_1_71' title='bbox 701 1227 782 1310; x_wconf 76' lang='grc' dir='ltr'><strong><em>μετὰ</em></strong></span> <span class='ocrx_word' id='word_1_72' title='bbox 807 1228 870 1312; x_wconf 83' lang='grc' dir='ltr'><strong><em>την</em></strong></span> <span class='ocrx_word' id='word_1_73' title='bbox 893 1228 1036 1313; x_wconf 77' lang='grc' dir='ltr'><strong><em>ἐκβολὴν</em></strong></span> <span class='ocrx_word' id='word_1_74' title='bbox 1138 1294 1144 1302; x_wconf 83' lang='grc'><strong><em>,</em></strong></span> 
     </span>
     <span class='ocr_line' id='line_1_11' title="bbox 35 1327 1075 1419; baseline 0.004 -27"><span class='ocrx_word' id='word_1_75' title='bbox 35 1338 81 1394; x_wconf 90' lang='grc' dir='ltr'><strong><em>τοῦ</em></strong></span> <span class='ocrx_word' id='word_1_76' title='bbox 104 1329 280 1413; x_wconf 84' lang='grc' dir='ltr'><strong><em>βασιλέως,</em></strong></span> <span class='ocrx_word' id='word_1_77' title='bbox 309 1331 473 1416; x_wconf 78' lang='grc' dir='ltr'><strong><em>ὀλυμπιὰς</em></strong></span> <span class='ocrx_word' id='word_1_78' title='bbox 499 1327 561 1416; x_wconf 75' lang='grc' dir='ltr'><strong><em>μδν</em></strong></span> <span class='ocrx_word' id='word_1_79' title='bbox 588 1327 631 1415; x_wconf 69' lang='grc' dir='ltr'><strong><em>ην</em></strong></span> <span class='ocrx_word' id='word_1_80' title='bbox 659 1331 758 1415; x_wconf 91' lang='grc' dir='ltr'><strong><em>ἐνάτη</em></strong></span> <span class='ocrx_word' id='word_1_81' title='bbox 785 1330 842 1399; x_wconf 83' lang='grc' dir='ltr'><strong><em>καὶ</em></strong></span> <span class='ocrx_word' id='word_1_82' title='bbox 864 1331 1034 1419; x_wconf 76' lang='grc' dir='ltr'><strong><em>ἑξηκοστή,</em></strong></span> <span class='ocrx_word' id='word_1_83' title='bbox 1049 1355 1075 1396; x_wconf 83' lang='grc' dir='ltr'><strong><em>ιο</em></strong></span> 
     </span>
     <span class='ocr_line' id='line_1_12' title="bbox 35 1435 1140 1528; baseline 0.007 -30"><span class='ocrx_word' id='word_1_84' title='bbox 35 1435 67 1517; x_wconf 80' lang='grc' dir='ltr'><strong><em>ἣν</em></strong></span> <span class='ocrx_word' id='word_1_85' title='bbox 86 1436 174 1503; x_wconf 82' lang='grc' dir='ltr'><strong><em>ἐνίκα</em></strong></span> <span class='ocrx_word' id='word_1_86' title='bbox 191 1438 333 1504; x_wconf 88' lang='grc' dir='ltr'><strong><em>στάδιον</em></strong></span> <span class='ocrx_word' id='word_1_87' title='bbox 348 1436 540 1523; x_wconf 78' lang='grc' dir='ltr'><strong><em>Ἰσχόμαχος</em></strong></span> <span class='ocrx_word' id='word_1_88' title='bbox 553 1439 789 1525; x_wconf 79' lang='grc' dir='ltr'><strong><em>Κροτωνιάτης</em></strong></span> <span class='ocrx_word' id='word_1_89' title='bbox 807 1439 845 1504; x_wconf 90' lang='grc' dir='ltr'><strong><em>τὸ</em></strong></span> <span class='ocrx_word' id='word_1_90' title='bbox 865 1440 1035 1528; x_wconf 87' lang='grc' dir='ltr'><strong><em>δεύτερον,</em></strong></span> <span class='ocrx_word' id='word_1_91' title='bbox 1137 1509 1140 1516; x_wconf 72' lang='grc'><strong><em>,</em></strong></span> 
     </span>
     <span class='ocr_line' id='line_1_13' title="bbox 35 1537 1142 1631; baseline 0.006 -26"><span class='ocrx_word' id='word_1_92' title='bbox 35 1543 127 1627; x_wconf 84' lang='grc' dir='ltr'><strong><em>ἀρχων</em></strong></span> <span class='ocrx_word' id='word_1_93' title='bbox 150 1540 181 1609; x_wconf 82' lang='grc' dir='ltr'><strong><em>δ’</em></strong></span> <span class='ocrx_word' id='word_1_94' title='bbox 200 1541 387 1628; x_wconf 77' lang='grc' dir='ltr'><strong><em>Ἀθήνησιν</em></strong></span> <span class='ocrx_word' id='word_1_95' title='bbox 402 1538 647 1631; x_wconf 81' lang='grc' dir='ltr'><strong><em>Ἀκεστορίδης,</em></strong></span> <span class='ocrx_word' id='word_1_96' title='bbox 670 1545 790 1611; x_wconf 86' lang='grc' dir='ltr'><strong><em>ύπατοι</em></strong></span> <span class='ocrx_word' id='word_1_97' title='bbox 814 1541 852 1610; x_wconf 75' lang='grc' dir='ltr'><strong><em>δὲ</em></strong></span> <span class='ocrx_word' id='word_1_98' title='bbox 865 1539 1036 1631; x_wconf 90' lang='grc' dir='ltr'><strong><em>Ῥωμαίων</em></strong></span> <span class='ocrx_word' id='word_1_99' title='bbox 1140 1537 1142 1542; x_wconf 56' lang='grc'><strong>’</strong></span> 
     </span>
    </p>
   </div>
   <div class='ocr_carea' id='block_1_4' title="bbox 18 1649 1169 1736">
    <p class='ocr_par' dir='ltr' id='par_1_5' title="bbox 18 1649 1169 1736">
     <span class='ocr_line' id='line_1_14' title="bbox 18 1649 1169 1736; baseline 0.005 -24"><span class='ocrx_word' id='word_1_100' title='bbox 18 1649 155 1734; x_wconf 76' lang='grc' dir='ltr'><strong><em>όΜάρκος</em></strong></span> <span class='ocrx_word' id='word_1_101' title='bbox 179 1649 366 1734; x_wconf 82' lang='grc' dir='ltr'><strong><em>Οὐαλέριος</em></strong></span> <span class='ocrx_word' id='word_1_102' title='bbox 389 1651 534 1736; x_wconf 87' lang='grc' dir='ltr'><strong><em>ἀδελφὸς</em></strong></span> <span class='ocrx_word' id='word_1_103' title='bbox 554 1651 743 1736; x_wconf 87' lang='grc' dir='ltr'><strong><em>Οὐαλερίου</em></strong></span> <span class='ocrx_word' id='word_1_104' title='bbox 761 1655 958 1718; x_wconf 84' lang='grc' dir='ltr'><strong><em>Ποπλικόλα</em></strong></span> <span class='ocrx_word' id='word_1_105' title='bbox 980 1651 1036 1718; x_wconf 80' lang='grc' dir='ltr'><strong><em>καὶ</em></strong></span> <span class='ocrx_word' id='word_1_106' title='bbox 1163 1726 1169 1733; x_wconf 52' lang='grc'><strong><em>,</em></strong></span> 
     </span>
    </p>
   </div>
   <div class='ocr_carea' id='block_1_5' title="bbox 32 1756 1142 3398">
    <p class='ocr_par' dir='ltr' id='par_1_6' title="bbox 32 1756 1142 3205">
     <span class='ocr_line' id='line_1_15' title="bbox 34 1756 1071 1844; baseline 0.009 -27"><span class='ocrx_word' id='word_1_107' title='bbox 34 1757 165 1834; x_wconf 87' lang='grc' dir='ltr'><strong><em>Πόπλιος</em></strong></span> <span class='ocrx_word' id='word_1_108' title='bbox 180 1760 372 1842; x_wconf 83' lang='grc' dir='ltr'><strong><em>Ποστόμιος</em></strong></span> <span class='ocrx_word' id='word_1_109' title='bbox 390 1758 577 1844; x_wconf 83' lang='grc' dir='ltr'><strong><em>Τούβερτος</em></strong></span> <span class='ocrx_word' id='word_1_110' title='bbox 591 1757 858 1843; x_wconf 83' lang='grc' dir='ltr'><strong><em>ἐπικαλούμενος.</em></strong></span> <span class='ocrx_word' id='word_1_111' title='bbox 893 1756 945 1824; x_wconf 82' lang='grc' dir='ltr'><strong><em>ἐπὶ</em></strong></span> <span class='ocrx_word' id='word_1_112' title='bbox 959 1759 1036 1824; x_wconf 94' lang='grc' dir='ltr'><strong><em>τού-</em></strong></span> <span class='ocrx_word' id='word_1_113' title='bbox 1050 1763 1071 1827; x_wconf 84' lang='grc'>2</span> 
     </span>
     <span class='ocr_line' id='line_1_16' title="bbox 34 1859 1076 1949; baseline 0.002 -26"><span class='ocrx_word' id='word_1_114' title='bbox 34 1881 87 1925; x_wconf 87' lang='grc' dir='ltr'><strong><em>των</em></strong></span> <span class='ocrx_word' id='word_1_115' title='bbox 104 1862 216 1948; x_wconf 81' lang='grc' dir='ltr'><strong><em>ἕτερος</em></strong></span> <span class='ocrx_word' id='word_1_116' title='bbox 235 1862 403 1943; x_wconf 80' lang='grc' dir='ltr'><strong><em>ἐξεδέξατο</em></strong></span> <span class='ocrx_word' id='word_1_117' title='bbox 413 1859 595 1949; x_wconf 86' lang='grc' dir='ltr'><strong><em>Ῥωμαίους</em></strong></span> <span class='ocrx_word' id='word_1_118' title='bbox 613 1866 757 1949; x_wconf 88' lang='grc' dir='ltr'><strong><em>πόλεμος</em></strong></span> <span class='ocrx_word' id='word_1_119' title='bbox 770 1863 806 1930; x_wconf 89' lang='grc' dir='ltr'><strong><em>ἐκ</em></strong></span> <span class='ocrx_word' id='word_1_120' title='bbox 819 1875 887 1930; x_wconf 79' lang='grc' dir='ltr'><strong><em>τῶν</em></strong></span> <span class='ocrx_word' id='word_1_121' title='bbox 901 1867 1036 1949; x_wconf 79' lang='grc' dir='ltr'><strong><em>ἔγγιστα</em></strong></span> <span class='ocrx_word' id='word_1_122' title='bbox 1050 1885 1076 1926; x_wconf 80' lang='lat'><strong><em>15</em></strong></span> 
     </span>
     <span class='ocr_line' id='line_1_17' title="bbox 34 1968 1033 2058; baseline 0.008 -27"><span class='ocrx_word' id='word_1_123' title='bbox 34 1969 218 2055; x_wconf 78' lang='grc' dir='ltr'><strong><em>οἰκούντων,</em></strong></span> <span class='ocrx_word' id='word_1_124' title='bbox 247 1970 284 2048; x_wconf 88' lang='grc' dir='ltr'><strong><em>ὃς</em></strong></span> <span class='ocrx_word' id='word_1_125' title='bbox 306 1969 428 2057; x_wconf 74' lang='grc' dir='ltr'><strong><em>ἤρξατο</em></strong></span> <span class='ocrx_word' id='word_1_126' title='bbox 452 1968 513 2056; x_wconf 74' lang='grc' dir='ltr'><strong><em>μὲν</em></strong></span> <span class='ocrx_word' id='word_1_127' title='bbox 537 1971 600 2037; x_wconf 86' lang='grc' dir='ltr'><strong><em>ἀπὸ</em></strong></span> <span class='ocrx_word' id='word_1_128' title='bbox 624 1974 823 2057; x_wconf 87' lang='grc' dir='ltr'><strong><em>ληστηρίων,</em></strong></span> <span class='ocrx_word' id='word_1_129' title='bbox 846 1973 977 2058; x_wconf 80' lang='grc' dir='ltr'><strong><em>προύβη</em></strong></span> <span class='ocrx_word' id='word_1_130' title='bbox 1003 1971 1033 2039; x_wconf 87' lang='grc' dir='ltr'><strong><em>δ’</em></strong></span> 
     </span>
     <span class='ocr_line' id='line_1_18' title="bbox 32 2075 1142 2164; baseline 0.004 -26"><span class='ocrx_word' id='word_1_131' title='bbox 32 2076 69 2152; x_wconf 86' lang='grc' dir='ltr'><strong><em>είς</em></strong></span> <span class='ocrx_word' id='word_1_132' title='bbox 99 2080 247 2155; x_wconf 83' lang='grc' dir='ltr'><strong><em>πολλοὺς</em></strong></span> <span class='ocrx_word' id='word_1_133' title='bbox 277 2075 334 2144; x_wconf 83' lang='grc' dir='ltr'><strong><em>καὶ</em></strong></span> <span class='ocrx_word' id='word_1_134' title='bbox 366 2078 531 2163; x_wconf 76' lang='grc' dir='ltr'><strong><em>μεγάλους</em></strong></span> <span class='ocrx_word' id='word_1_135' title='bbox 565 2078 710 2161; x_wconf 79' lang='grc' dir='ltr'><strong><em>ἀγῶνας,</em></strong></span> <span class='ocrx_word' id='word_1_136' title='bbox 743 2077 890 2163; x_wconf 83' lang='grc' dir='ltr'><strong><em>ἐχώρησε</em></strong></span> <span class='ocrx_word' id='word_1_137' title='bbox 922 2077 1037 2164; x_wconf 86' lang='grc' dir='ltr'><strong><em>μέντοι</em></strong></span> <span class='ocrx_word' id='word_1_138' title='bbox 1138 2135 1142 2142; x_wconf 93' lang='grc'>.</span> 
     </span>
     <span class='ocr_line' id='line_1_19' title="bbox 32 2182 1037 2271; baseline 0.007 -28"><span class='ocrx_word' id='word_1_139' title='bbox 32 2187 177 2250; x_wconf 82' lang='grc' dir='ltr'><strong><em>τελευτῶν</em></strong></span> <span class='ocrx_word' id='word_1_140' title='bbox 212 2186 260 2262; x_wconf 88' lang='grc' dir='ltr'><strong><em>είς</em></strong></span> <span class='ocrx_word' id='word_1_141' title='bbox 292 2183 473 2268; x_wconf 76' lang='grc' dir='ltr'><strong><em>διαλλαγάς</em></strong></span> <span class='ocrx_word' id='word_1_142' title='bbox 504 2184 679 2270; x_wconf 79' lang='grc' dir='ltr'><strong><em>εὐπρεπεῖς</em></strong></span> <span class='ocrx_word' id='word_1_143' title='bbox 710 2182 764 2251; x_wconf 83' lang='grc' dir='ltr'><strong><em>έπὶ</em></strong></span> <span class='ocrx_word' id='word_1_144' title='bbox 795 2193 854 2268; x_wconf 86' lang='grc' dir='ltr'><strong><em>τῆς</em></strong></span> <span class='ocrx_word' id='word_1_145' title='bbox 882 2185 1037 2271; x_wconf 78' lang='grc' dir='ltr'><strong><em>τετάρτης</em></strong></span> 
     </span>
     <span class='ocr_line' id='line_1_20' title="bbox 32 2290 1036 2376; baseline 0.002 -21"><span class='ocrx_word' id='word_1_146' title='bbox 32 2291 97 2369; x_wconf 81' lang='grc' dir='ltr'><strong><em>μετὰ</em></strong></span> <span class='ocrx_word' id='word_1_147' title='bbox 121 2293 247 2357; x_wconf 90' lang='grc' dir='ltr'><strong><em>τούσδε</em></strong></span> <span class='ocrx_word' id='word_1_148' title='bbox 272 2293 352 2368; x_wconf 88' lang='grc' dir='ltr'><strong><em>τοὺς</em></strong></span> <span class='ocrx_word' id='word_1_149' title='bbox 373 2291 501 2375; x_wconf 78' lang='grc' dir='ltr'><strong><em>ἄνδρας</em></strong></span> <span class='ocrx_word' id='word_1_150' title='bbox 523 2291 681 2369; x_wconf 79' lang='grc' dir='ltr'><strong><em>ὑπατείας</em></strong></span> <span class='ocrx_word' id='word_1_151' title='bbox 703 2291 811 2356; x_wconf 87' lang='grc' dir='ltr'><strong><em>πάντα</em></strong></span> <span class='ocrx_word' id='word_1_152' title='bbox 832 2290 893 2355; x_wconf 86' lang='grc' dir='ltr'><strong><em>τὸν</em></strong></span> <span class='ocrx_word' id='word_1_153' title='bbox 916 2290 1036 2376; x_wconf 83' lang='grc' dir='ltr'><strong><em>μεταξὺ</em></strong></span> 
     </span>
     <span class='ocr_line' id='line_1_21' title="bbox 32 2399 1077 2486; baseline -0.005 -24"><span class='ocrx_word' id='word_1_154' title='bbox 32 2399 140 2486; x_wconf 70' lang='grc' dir='ltr'><strong><em>χρόνον</em></strong></span> <span class='ocrx_word' id='word_1_155' title='bbox 167 2400 381 2482; x_wconf 75' lang='grc' dir='ltr'><strong><em>πολεμηθείς.</em></strong></span> <span class='ocrx_word' id='word_1_156' title='bbox 427 2399 588 2482; x_wconf 84' lang='grc' dir='ltr'><strong><em>Σαβίνων</em></strong></span> <span class='ocrx_word' id='word_1_157' title='bbox 615 2399 680 2484; x_wconf 77' lang='grc' dir='ltr'><strong><em>γάρ</em></strong></span> <span class='ocrx_word' id='word_1_158' title='bbox 707 2421 796 2474; x_wconf 86' lang='grc' dir='ltr'><strong><em>τινες</em></strong></span> <span class='ocrx_word' id='word_1_159' title='bbox 817 2399 1037 2481; x_wconf 81' lang='grc' dir='ltr'><strong><em>καταγνόντες</em></strong></span> <span class='ocrx_word' id='word_1_160' title='bbox 1050 2417 1077 2458; x_wconf 78' lang='grc' dir='ltr'><strong><em>νο</em></strong></span> 
     </span>
     <span class='ocr_line' id='line_1_22' title="bbox 32 2502 1037 2591; baseline 0.005 -26"><span class='ocrx_word' id='word_1_161' title='bbox 32 2502 200 2570; x_wconf 80' lang='grc' dir='ltr'><strong><em>ἀσθένειαν</em></strong></span> <span class='ocrx_word' id='word_1_162' title='bbox 223 2513 282 2588; x_wconf 73' lang='grc' dir='ltr'><strong><em>τῆς</em></strong></span> <span class='ocrx_word' id='word_1_163' title='bbox 304 2507 432 2582; x_wconf 87' lang='grc' dir='ltr'><strong><em>πόλεως</em></strong></span> <span class='ocrx_word' id='word_1_164' title='bbox 456 2503 492 2570; x_wconf 90' lang='grc' dir='ltr'><strong><em>ἐκ</em></strong></span> <span class='ocrx_word' id='word_1_165' title='bbox 514 2513 575 2570; x_wconf 92' lang='grc' dir='ltr'><strong><em>τοῦ</em></strong></span> <span class='ocrx_word' id='word_1_166' title='bbox 593 2509 805 2591; x_wconf 85' lang='grc' dir='ltr'><strong><em>Τυρρηνικοῦ</em></strong></span> <span class='ocrx_word' id='word_1_167' title='bbox 825 2507 1037 2590; x_wconf 87' lang='grc' dir='ltr'><strong><em>πταίσματος,</em></strong></span> 
     </span>
     <span class='ocr_line' id='line_1_23' title="bbox 33 2609 1038 2696; baseline 0.004 -24"><span class='ocrx_word' id='word_1_168' title='bbox 33 2609 67 2686; x_wconf 77' lang='grc' dir='ltr'><strong><em>ὡς</em></strong></span> <span class='ocrx_word' id='word_1_169' title='bbox 92 2610 203 2678; x_wconf 83' lang='grc' dir='ltr'><strong><em>οὐκέτι</em></strong></span> <span class='ocrx_word' id='word_1_170' title='bbox 232 2612 294 2696; x_wconf 80' lang='grc' dir='ltr'><strong><em>τὴν</em></strong></span> <span class='ocrx_word' id='word_1_171' title='bbox 318 2611 460 2696; x_wconf 81' lang='grc' dir='ltr'><strong><em>ἀρχαίαν</em></strong></span> <span class='ocrx_word' id='word_1_172' title='bbox 484 2611 621 2690; x_wconf 88' lang='grc' dir='ltr'><strong><em>ἀξίωσιν</em></strong></span> <span class='ocrx_word' id='word_1_173' title='bbox 645 2609 910 2696; x_wconf 84' lang='grc' dir='ltr'><strong><em>ἀναληψομένης,</em></strong></span> <span class='ocrx_word' id='word_1_174' title='bbox 934 2611 1038 2677; x_wconf 85' lang='grc' dir='ltr'><strong><em>ἐπετί-</em></strong></span> 
     </span>
     <span class='ocr_line' id='line_1_24' title="bbox 32 2716 1038 2806; baseline 0.006 -28"><span class='ocrx_word' id='word_1_175' title='bbox 32 2721 120 2784; x_wconf 82' lang='grc' dir='ltr'><strong><em>θεντο</em></strong></span> <span class='ocrx_word' id='word_1_176' title='bbox 142 2729 217 2796; x_wconf 72' lang='grc' dir='ltr'><strong><em>τοῖς</em></strong></span> <span class='ocrx_word' id='word_1_177' title='bbox 241 2721 288 2795; x_wconf 86' lang='grc' dir='ltr'><strong><em>είς</em></strong></span> <span class='ocrx_word' id='word_1_178' title='bbox 309 2720 371 2803; x_wconf 81' lang='grc' dir='ltr'><strong><em>την</em></strong></span> <span class='ocrx_word' id='word_1_179' title='bbox 394 2719 508 2806; x_wconf 81' lang='grc' dir='ltr'><strong><em>χώραν</em></strong></span> <span class='ocrx_word' id='word_1_180' title='bbox 530 2728 704 2784; x_wconf 86' lang='grc' dir='ltr'><strong><em>κατιοῦσιν</em></strong></span> <span class='ocrx_word' id='word_1_181' title='bbox 724 2719 759 2784; x_wconf 89' lang='grc' dir='ltr'><strong><em>ἐκ</em></strong></span> <span class='ocrx_word' id='word_1_182' title='bbox 777 2728 845 2783; x_wconf 82' lang='grc' dir='ltr'><strong><em>τῶν</em></strong></span> <span class='ocrx_word' id='word_1_183' title='bbox 864 2716 1038 2803; x_wconf 80' lang='grc' dir='ltr'><strong><em>ἐρυμάτων</em></strong></span> 
     </span>
     <span class='ocr_line' id='line_1_25' title="bbox 33 2824 1039 2911; baseline 0.004 -25"><span class='ocrx_word' id='word_1_184' title='bbox 33 2827 181 2911; x_wconf 82' lang='grc' dir='ltr'><strong><em>λῃστήρια</em></strong></span> <span class='ocrx_word' id='word_1_185' title='bbox 213 2826 514 2911; x_wconf 87' lang='grc' dir='ltr'><strong><em>καταστησάμενοι,</em></strong></span> <span class='ocrx_word' id='word_1_186' title='bbox 546 2824 603 2891; x_wconf 78' lang='grc' dir='ltr'><strong><em>καὶ</em></strong></span> <span class='ocrx_word' id='word_1_187' title='bbox 631 2827 737 2892; x_wconf 83' lang='grc' dir='ltr'><strong><em>πολλά</em></strong></span> <span class='ocrx_word' id='word_1_188' title='bbox 764 2827 843 2902; x_wconf 85' lang='grc' dir='ltr'><strong><em>τοῦς</em></strong></span> <span class='ocrx_word' id='word_1_189' title='bbox 869 2828 1039 2910; x_wconf 76' lang='grc' dir='ltr'><strong><em>γεωργούς</em></strong></span> 
     </span>
     <span class='ocr_line' id='line_1_26' title="bbox 34 2975 1038 3053; baseline 0.002 -21"><span class='ocrx_word' id='word_1_190' title='bbox 34 2975 55 3044; x_wconf 84' lang='grc' dir='ltr'><strong><em>ἐξ</em></strong></span> <span class='ocrx_word' id='word_1_191' title='bbox 76 2979 106 3037; x_wconf 79' lang='grc' dir='ltr'><strong><em>οὗ</em></strong></span> <span class='ocrx_word' id='word_1_192' title='bbox 125 2983 281 3053; x_wconf 84' lang='lat' dir='ltr'><strong>Kiessling.</strong></span> <span class='ocrx_word' id='word_1_193' title='bbox 306 2982 394 3038; x_wconf 77' lang='lat' dir='ltr'><strong>editio</strong></span> <span class='ocrx_word' id='word_1_194' title='bbox 432 2983 503 3038; x_wconf 73' lang='grc' dir='ltr'><strong><em>ὅθεν</em></strong></span> <span class='ocrx_word' id='word_1_195' title='bbox 522 2982 666 3052; x_wconf 80' lang='lat' dir='ltr'>Kiessling</span> <span class='ocrx_word' id='word_1_196' title='bbox 684 2983 728 3036; x_wconf 88' lang='lat' dir='ltr'><strong><em>Pr.</em></strong></span> <span class='ocrx_word' id='word_1_197' title='bbox 744 2981 805 3038; x_wconf 78' lang='lat' dir='ltr'>Bas.</span> <span class='ocrx_word' id='word_1_198' title='bbox 820 3000 847 3051; x_wconf 87' lang='lat' dir='ltr'><strong><em>p.</em></strong></span> <span class='ocrx_word' id='word_1_199' title='bbox 865 2989 896 3036; x_wconf 81' lang='lat'><strong><em>15</em></strong></span> <span class='ocrx_word' id='word_1_200' title='bbox 930 2981 966 3045; x_wconf 85' lang='grc' dir='ltr'><strong><em>ὡς</em></strong></span> <span class='ocrx_word' id='word_1_201' title='bbox 989 2981 1038 3035; x_wconf 80' lang='grc' dir='ltr'><strong><em>καὶ</em></strong></span> 
     </span>
     <span class='ocr_line' id='line_1_27' title="bbox 34 3049 1037 3124; baseline 0.003 -20"><span class='ocrx_word' id='word_1_202' title='bbox 34 3049 148 3110; x_wconf 80' lang='lat' dir='ltr'>Schnelle</span> <span class='ocrx_word' id='word_1_203' title='bbox 168 3055 268 3110; x_wconf 78' lang='lat' dir='ltr'><strong>Exere.</strong></span> <span class='ocrx_word' id='word_1_204' title='bbox 288 3054 348 3110; x_wconf 76' lang='lat' dir='ltr'>orit.</span> <span class='ocrx_word' id='word_1_205' title='bbox 363 3073 391 3124; x_wconf 88' lang='lat' dir='ltr'><strong><em>p.</em></strong></span> <span class='ocrx_word' id='word_1_206' title='bbox 408 3062 424 3111; x_wconf 79' lang='grc'><strong>7</strong></span> <span class='ocrx_word' id='word_1_207' title='bbox 440 3073 460 3108; x_wconf 88' lang='grc' dir='ltr'><strong><em>ε.</em></strong></span> <span class='ocrx_word' id='word_1_208' title='bbox 498 3053 529 3117; x_wconf 84' lang='grc' dir='ltr'><strong><em>ὃς</em></strong></span> <span class='ocrx_word' id='word_1_209' title='bbox 543 3055 597 3110; x_wconf 82' lang='lat' dir='ltr'>del.</span> <span class='ocrx_word' id='word_1_210' title='bbox 612 3055 721 3123; x_wconf 78' lang='lat' dir='ltr'><strong>Kayser</strong></span> <span class='ocrx_word' id='word_1_211' title='bbox 734 3053 805 3108; x_wconf 90' lang='lat' dir='ltr'><strong>Ann.</strong></span> <span class='ocrx_word' id='word_1_212' title='bbox 821 3052 951 3108; x_wconf 84' lang='lat' dir='ltr'><strong>Heidelb.</strong></span> <span class='ocrx_word' id='word_1_213' title='bbox 968 3057 1037 3107; x_wconf 79' lang='lat'>1868</span> 
     </span>
     <span class='ocr_line' id='line_1_28' title="bbox 32 3125 852 3205; baseline -0.004 -25"><span class='ocrx_word' id='word_1_214' title='bbox 32 3139 52 3190; x_wconf 86' lang='lat' dir='ltr'><strong><em>p.</em></strong></span> <span class='ocrx_word' id='word_1_215' title='bbox 70 3133 116 3182; x_wconf 78' lang='lat'><strong><em>678</em></strong></span> <span class='ocrx_word' id='word_1_216' title='bbox 133 3130 137 3196; x_wconf 87' lang='grc' dir='ltr'>Ι</span> <span class='ocrx_word' id='word_1_217' title='bbox 153 3125 290 3197; x_wconf 83' lang='grc' dir='ltr'><strong><em>τέτταρας</em></strong></span> <span class='ocrx_word' id='word_1_218' title='bbox 308 3158 343 3167; x_wconf 88' lang='grc'>-</span> <span class='ocrx_word' id='word_1_219' title='bbox 363 3128 494 3189; x_wconf 87' lang='grc' dir='ltr'><strong><em>σταδίους</em></strong></span> <span class='ocrx_word' id='word_1_220' title='bbox 512 3143 535 3182; x_wconf 87' lang='grc' dir='ltr'><strong><em>ο,</em></strong></span> <span class='ocrx_word' id='word_1_221' title='bbox 555 3126 738 3181; x_wconf 81' lang='lat' dir='ltr'><strong>Casaubonus</strong></span> <span class='ocrx_word' id='word_1_222' title='bbox 846 3192 852 3205; x_wconf 29' lang='grc' dir='ltr'>ι</span> 
     </span>
    </p>

    <p class='ocr_par' dir='ltr' id='par_1_7' title="bbox 32 3195 1037 3398">
     <span class='ocr_line' id='line_1_29' title="bbox 92 3195 1036 3268; baseline -0.002 -17"><span class='ocrx_word' id='word_1_223' title='bbox 92 3204 106 3250; x_wconf 78' lang='lat'>2</span> <span class='ocrx_word' id='word_1_224' title='bbox 125 3198 215 3252; x_wconf 79' lang='lat' dir='ltr'>verba</span> <span class='ocrx_word' id='word_1_225' title='bbox 233 3197 251 3266; x_wconf 78' lang='grc' dir='ltr'><strong><em>η</em></strong></span> <span class='ocrx_word' id='word_1_226' title='bbox 271 3197 399 3267; x_wconf 84' lang='grc' dir='ltr'><strong><em>φέρουσα</em></strong></span> <span class='ocrx_word' id='word_1_227' title='bbox 414 3229 446 3238; x_wconf 93' lang='grc'>-</span> <span class='ocrx_word' id='word_1_228' title='bbox 463 3195 639 3268; x_wconf 83' lang='grc' dir='ltr'><strong><em>ίππόδρομον</em></strong></span> <span class='ocrx_word' id='word_1_229' title='bbox 658 3195 737 3251; x_wconf 82' lang='lat' dir='ltr'><strong>uncis</strong></span> <span class='ocrx_word' id='word_1_230' title='bbox 752 3195 855 3249; x_wconf 73' lang='lat' dir='ltr'><strong>seclum</strong></span> <span class='ocrx_word' id='word_1_231' title='bbox 910 3200 942 3247; x_wconf 87' lang='lat'><strong><em>11</em></strong></span> <span class='ocrx_word' id='word_1_232' title='bbox 962 3197 1036 3266; x_wconf 85' lang='grc' dir='ltr'><strong><em>Κρο-</em></strong></span> 
     </span>
     <span class='ocr_line' id='line_1_30' title="bbox 32 3261 1035 3339; baseline 0.003 -22"><span class='ocrx_word' id='word_1_233' title='bbox 32 3267 155 3338; x_wconf 87' lang='grc' dir='ltr'><strong><em>τωνιάτης</em></strong></span> <span class='ocrx_word' id='word_1_234' title='bbox 179 3270 211 3324; x_wconf 88' lang='grc' dir='ltr'><strong><em>τὸ</em></strong></span> <span class='ocrx_word' id='word_1_235' title='bbox 235 3270 368 3339; x_wconf 89' lang='grc' dir='ltr'><strong><em>δεύτερον</em></strong></span> <span class='ocrx_word' id='word_1_236' title='bbox 394 3268 488 3339; x_wconf 85' lang='grc' dir='ltr'><strong><em>άρχων</em></strong></span> <span class='ocrx_word' id='word_1_237' title='bbox 512 3267 543 3323; x_wconf 75' lang='grc' dir='ltr'><strong><em>δὲ</em></strong></span> <span class='ocrx_word' id='word_1_238' title='bbox 564 3266 793 3338; x_wconf 81' lang='grc' dir='ltr'><strong><em>ἈκεστορίδηςΒ</em></strong></span> <span class='ocrx_word' id='word_1_239' title='bbox 830 3270 863 3320; x_wconf 88' lang='lat' dir='ltr'><strong><em>K.</em></strong></span> <span class='ocrx_word' id='word_1_240' title='bbox 886 3261 1035 3334; x_wconf 75' lang='grc' dir='ltr'><strong><em>Ἀθήνησιν</em></strong></span> 
     </span>
     <span class='ocr_line' id='line_1_31' title="bbox 34 3336 1037 3398; baseline 0.003 -10"><span class='ocrx_word' id='word_1_241' title='bbox 34 3337 58 3390; x_wconf 81' lang='grc' dir='ltr'><strong><em>τὸ</em></strong></span> <span class='ocrx_word' id='word_1_242' title='bbox 79 3341 102 3394; x_wconf 91' lang='grc' dir='ltr'><strong><em>δ.</em></strong></span> <span class='ocrx_word' id='word_1_243' title='bbox 120 3340 148 3396; x_wconf 86' lang='grc' dir='ltr'><strong><em>ά,</em></strong></span> <span class='ocrx_word' id='word_1_244' title='bbox 169 3338 202 3395; x_wconf 75' lang='grc' dir='ltr'><strong><em>δέ</em></strong></span> <span class='ocrx_word' id='word_1_245' title='bbox 218 3338 252 3394; x_wconf 83' lang='grc' dir='ltr'><strong><em>Ἀ.</em></strong></span> <span class='ocrx_word' id='word_1_246' title='bbox 270 3341 296 3393; x_wconf 87' lang='lat' dir='ltr'><strong>R</strong></span> <span class='ocrx_word' id='word_1_247' title='bbox 314 3339 350 3398; x_wconf 82' lang='lat' dir='ltr'><strong><em>cf.</em></strong></span> <span class='ocrx_word' id='word_1_248' title='bbox 369 3339 524 3395; x_wconf 81' lang='lat' dir='ltr'><strong>Meursium</strong></span> <span class='ocrx_word' id='word_1_249' title='bbox 541 3340 618 3396; x_wconf 69' lang='grc' dir='ltr'><strong><em>Ιιεοῦ.</em></strong></span> <span class='ocrx_word' id='word_1_250' title='bbox 638 3339 724 3395; x_wconf 65' lang='lat' dir='ltr'><strong>Attio.</strong></span> <span class='ocrx_word' id='word_1_251' title='bbox 739 3338 778 3393; x_wconf 89' lang='lat' dir='ltr'><strong><em>IV</em></strong></span> <span class='ocrx_word' id='word_1_252' title='bbox 792 3344 826 3392; x_wconf 75' lang='lat'><strong><em>26</em></strong></span> <span class='ocrx_word' id='word_1_253' title='bbox 882 3342 916 3389; x_wconf 80' lang='grc'><strong><em>14</em></strong></span> <span class='ocrx_word' id='word_1_254' title='bbox 935 3336 1037 3391; x_wconf 86' lang='grc' dir='ltr'><strong><em>καλού-</em></strong></span> 
     </span>
    </p>
   </div>
   <div class='ocr_carea' id='block_1_6' title="bbox 34 3407 1039 3537">
    <p class='ocr_par' dir='ltr' id='par_1_8' title="bbox 34 3407 1039 3537">
     <span class='ocr_line' id='line_1_32' title="bbox 34 3407 1039 3481; baseline -0.003 -17"><span class='ocrx_word' id='word_1_255' title='bbox 34 3426 104 3476; x_wconf 84' lang='grc' dir='ltr'><strong><em>μενος</em></strong></span> <span class='ocrx_word' id='word_1_256' title='bbox 177 3417 211 3467; x_wconf 83' lang='grc'><strong><em>16</em></strong></span> <span class='ocrx_word' id='word_1_257' title='bbox 231 3409 261 3475; x_wconf 84' lang='grc' dir='ltr'><strong><em>ὃς</em></strong></span> <span class='ocrx_word' id='word_1_258' title='bbox 278 3428 333 3466; x_wconf 92' lang='lat' dir='ltr'><strong><em>0m.</em></strong></span> <span class='ocrx_word' id='word_1_259' title='bbox 353 3411 376 3464; x_wconf 93' lang='lat' dir='ltr'>B</span> <span class='ocrx_word' id='word_1_260' title='bbox 445 3418 478 3465; x_wconf 80' lang='lat'><strong><em>21</em></strong></span> <span class='ocrx_word' id='word_1_261' title='bbox 499 3412 535 3474; x_wconf 81' lang='grc' dir='ltr'><strong><em>ὡς</em></strong></span> <span class='ocrx_word' id='word_1_262' title='bbox 554 3407 585 3467; x_wconf 86' lang='grc' dir='ltr'><strong><em>ἐκ</em></strong></span> <span class='ocrx_word' id='word_1_263' title='bbox 604 3429 627 3467; x_wconf 87' lang='lat' dir='ltr'><strong><em>c.</em></strong></span> <span class='ocrx_word' id='word_1_264' title='bbox 646 3409 790 3478; x_wconf 80' lang='lat' dir='ltr'>Kiessling</span> <span class='ocrx_word' id='word_1_265' title='bbox 805 3410 809 3478; x_wconf 91' lang='grc' dir='ltr'>Ι</span> <span class='ocrx_word' id='word_1_266' title='bbox 826 3407 1039 3481; x_wconf 87' lang='grc' dir='ltr'><strong><em>πτ&lt;αίσ&gt;ματος</em></strong></span> 
     </span>
     <span class='ocr_line' id='line_1_33' title="bbox 34 3477 344 3537; baseline 0.016 -6"><span class='ocrx_word' id='word_1_267' title='bbox 34 3477 72 3533; x_wconf 90' lang='lat' dir='ltr'><strong><em>Bb</em></strong></span> <span class='ocrx_word' id='word_1_268' title='bbox 89 3482 118 3536; x_wconf 89' lang='lat' dir='ltr'><strong><em>in</em></strong></span> <span class='ocrx_word' id='word_1_269' title='bbox 135 3499 192 3536; x_wconf 82' lang='grc' dir='ltr'><strong><em>τεε.</em></strong></span> <span class='ocrx_word' id='word_1_270' title='bbox 213 3499 269 3536; x_wconf 77' lang='grc' dir='ltr'><strong><em>οπο</em></strong></span> <span class='ocrx_word' id='word_1_271' title='bbox 286 3482 344 3537; x_wconf 70' lang='lat' dir='ltr'>litt.</span> 
     </span>
    </p>
   </div>
   <div class='ocr_carea' id='block_1_7' title="bbox 0 0 1204 3912">
    <p class='ocr_par' dir='ltr' id='par_1_9' title="bbox 0 0 1204 3912">
     <span class='ocr_line' id='line_1_34' title="bbox 0 0 1204 3912; baseline 0 1"><span class='ocrx_word' id='word_1_272' title='bbox 0 0 1204 3912; x_wconf 95' lang='lat' dir='ltr'><strong><em> </em></strong></span> 
     </span>
    </p>
   </div>
  </div>
 </body>
</html>
