2400 3912
145 175 209 241 178
568 176 733 226 -Ε-

143 337 227 404 αὐτὰ
254 338 453 403 πεπίστευκα
481 335 647 422 ἐγκρατῶς
668 335 812 421 πρώτοις
834 333 948 400 τεκαὶ
971 335 1083 420 μόνοις
1102 330 1142 398 ἐκ

144 442 250 531 φέρα·
286 436 364 530 παρ’
385 443 480 528 ὑμῶν
509 439 539 507 δ’
562 443 599 507 οί
622 443 718 507 ἄλλοι
743 445 877 507 πολῖται
903 441 941 507 ἐν
968 447 1015 528 τῷ
1037 443 1141 526 προσή-

106 554 237 619 4κοντι
259 558 364 638 καιρῷ
384 552 603 634 μαθήσονται.
635 550 674 614 τδ
695 542 725 613 δ’
747 548 926 633 ἐγχείρημά
944 571 1011 632 μου
1027 548 1173 614 τοιόνδενα

144 659 245 726 ἐστίν.
281 657 471 741 αὐτομόλου
494 664 602 741 σχῆμα
625 653 732 739 μέλλω
752 657 865 738 λαβὼν
884 653 938 720 ἐπὶ
955 655 1016 720 τὸν
1034 655 1142 740 χάρακα

116 777 212 832 ὁτῶν
238 768 424 850 Τυρρηνῶν
450 763 667 849 πορεύεσθαι.
712 761 771 828 ἐὰν
795 757 857 845 μὲν
880 756 943 827 οὖν
965 758 1143 844 ἀπιστηθεὶς

144 872 227 959 πρὸς
254 870 366 937 αὐτῶν
395 869 574 952 ἀποθάνω,
603 866 655 934 ἑνὶ
676 870 795 954 πολίτη
819 870 926 952 μόνον
950 866 1101 944 ἐλάττους
1119 868 1145 931 οί

145 976 256 1044 λοιποί
283 979 481 1061 γενήσεσθε·
518 974 576 1041 ἐὰν
606 971 643 1042 δέ
669 980 853 1061 παρελθεῖν
876 979 955 1040 είσω
977 982 1040 1039 τοῦ
1062 974 1143 1058 χάρα-

144 1107 203 1160 κος
225 1081 400 1166 ἐκγένηταί
420 1107 487 1167 μοι,
510 1083 570 1148 τδν
592 1080 731 1166 βασιλέα
753 1093 821 1147 τῶν
839 1083 1008 1165 πολεμίων
1028 1080 1143 1146 όποκτε·

145 1200 218 1256 νεῖν
237 1189 318 1273 ὑμίν
331 1187 551 1274 ὑποδέχομαι·
576 1188 810 1265 ἀποθανόντος
824 1184 861 1254 δέ
876 1191 1052 1273 Πορσίνου
1065 1209 1143 1252 κατα-

106 1317 133 1358 ιο
147 1299 331 1381 λυθήσεται
361 1293 422 1380 μέν
454 1295 473 1360 δ
504 1297 665 1380 πόλεμος,
702 1294 767 1378 ἐγὼ
799 1292 831 1359 δ’
864 1296 896 1359 εί
926 1295 945 1359 ό
977 1317 1011 1359 τι
1043 1292 1083 1358 ἂν
1108 1299 1142 1381 τῷ

147 1405 310 1492 δαιμονίῳ
330 1402 411 1488 δόξη
429 1404 596 1487 πείσομαι,
615 1402 744 1467 τούτων
763 1403 963 1487 συνίστορας
981 1400 1067 1484 ὑμᾶς
1079 1399 1145 1478 ἕξοι

146 1509 202 1576 καὶ
230 1510 399 1596 μάρτυρας
425 1509 509 1594 πρὸς
539 1510 600 1574 τὸν
630 1509 737 1594 δήμου
764 1508 878 1593 ίίπειμι
904 1508 967 1592 τήν
990 1509 1145 1594 κρείττονα

147 1618 251 1702 τύχην
273 1626 332 1700 τής
353 1617 514 1700 πατρίδος
534 1614 683 1701 ήγεμόνα
704 1625 763 1700 τῆς
785 1616 869 1681 ὁδοῦ
891 1616 1118 1700 ποιησάμενος.
1182 1683 1183 1706 3

213 1722 367 1788 XXVIII.
397 1717 604 1799 Ἐπαινεθελς
632 1717 663 1786 δ’
684 1721 750 1788 ὑπὸ
774 1733 843 1787 τῶν
866 1721 904 1788 ἐν
926 1731 973 1810 τῷ
997 1723 1145 1807 συνεδρίῳ

108 1847 133 1888 ιι
147 1825 202 1894 καὶ
226 1827 338 1911 λαβὼν
362 1829 505 1905 οἰωνοὺς
527 1830 658 1906 αἰσίους
678 1839 737 1914 τής
753 1827 902 1914 πράξεως
921 1829 1086 1913 διαβαίνει
1102 1829 1147 1893 τὸν

147 1935 307 2018 ποταμόν.
342 1931 399 1999 καὶ
416 1937 686 2021 παραγενόμενος
703 1933 758 2002 ἐπὶ
774 1937 834 2002 τὸν
852 1936 981 2022 χάρακα
994 1946 1063 2002 τῶν
1080 1939 1147 2020 Ταρ-

149 2050 263 2126 ρηνῶν
285 2039 476 2126 εἰσέρχεται,
499 2041 818 2129 παρακρουσάμενος
837 2045 917 2121 τοὺς
935 2044 1147 2127 φυλάττοντας

147 2150 206 2226 τὰς
227 2148 334 2224 πύλας
357 2148 402 2224 ὡς
423 2157 490 2212 τῶν
514 2148 692 2233 ὁμοεθνῶν
712 2172 773 2232 τις,
797 2149 903 2215 ὅπλον
920 2148 952 2214 τ’
976 2147 1081 2215 οὐθέν
1098 2173 1147 2234 ρα-

148 2257 249 2342 νερὸν
277 2257 373 2339 ἔχων,
388 2252 445 2319 καὶ
470 2255 607 2341 γλώττη
627 2259 818 2342 Τυρρηνική
843 2257 1090 2341 διαλεγόμενος,
1113 2255 1176 2337 ήνιθ

109 2383 135 2422 ιο
149 2361 311 2447 ἐξέμαθεν
343 2363 391 2426 ἐτι
426 2370 504 2438 παίς
540 2361 588 2426 ὢν
619 2362 685 2427 ὑπὸ
719 2371 855 2447 τροφοῦ·
887 2365 1093 2450 Τυρρηνίδος
1119 2363 1147 2425 τὸ

114 2467 247 2553 λγένος
269 2468 487 2551 ἐκδιδαχθείς.
520 2467 565 2544 ὡς
588 2463 620 2534 δ’
642 2467 695 2534 ἐπὶ
712 2470 774 2553 τήν
793 2469 921 2556 ιἰγορδιν
938 2466 995 2535 καὶ
1013 2471 1050 2534 τὸ
1068 2485 1147 2552 στρα-

150 2576 267 2657 τήγιον
290 2573 442 2660 ἀφίκετο,
470 2575 579 2660 ἄνδρα
603 2575 666 2663 ὁρᾷ
686 2574 825 2659 μεγέθει
847 2575 961 2642 τεκαὶ
984 2575 1077 2662 ῥώμη
1098 2573 1148 2638 σό-

151 2701 252 2764 ματος
266 2679 481 2764 διαφέροντα,
499 2680 626 2764 ἐσθήτα
639 2691 820 2767 πορφυρᾶν
834 2681 1046 2765 ἐνδεδυκότα,
1060 2681 1148 2762 καθή-

151 2808 255 2871 μενον
283 2783 336 2851 ἐπὶ
362 2795 422 2851 τοῦ
450 2797 671 2873 στρατηγικοῦ
698 2781 859 2873 βήματος,
887 2786 942 2854 καὶ
964 2787 1041 2874 περί
1063 2786 1149 2852 αὐτὸν

110 2911 136 2953 ιε
152 2891 294 2969 ἑστῶτας
316 2891 479 2970 ἐνόπλους
501 2896 655 2980 συχνούς.
701 2896 894 2982 διαμαρτὼν
917 2892 954 2961 δὲ
977 2905 1035 2980 τῆς
1058 2893 1148 2976 δόξης,

223 3092 238 3140 9
259 3083 433 3156 ὑποδέχομαι
453 3087 474 3139 Β
506 3087 695 3160 ὑπισχνοῦμαι
713 3090 739 3143 R
755 3092 758 3160 Ι
776 3090 939 3143 ἀποκτίνειν
958 3090 1005 3142 Ba
1036 3085 1147 3142 ἀποκτεί-

152 3176 213 3211 νειν
232 3156 279 3209 Bb
312 3156 522 3211 ἀποκτενεῑνΒ
577 3166 610 3214 10
630 3158 682 3230 μὲν
699 3160 767 3230 ἡμῖν
786 3159 800 3214 δ
819 3159 845 3213 Α
872 3157 923 3230 μὲν
942 3159 1000 3214 όΒ
1029 3156 1079 3229 μὲν
1095 3158 1146 3225 δμίν

152 3225 167 3276 ὁ
186 3226 231 3294 ΕΙ
248 3228 278 3279 εί
291 3246 318 3279 τι
337 3227 359 3280 0
379 3243 448 3280 corr.
468 3225 628 3295 Stephanus
707 3237 739 3284 11
758 3239 840 3286 τοῦτο
859 3233 994 3300 πείσομαι
1012 3230 1035 3284 Ο
1052 3229 1147 3298 praeter

154 3294 176 3342 B
237 3300 269 3346 12
288 3294 358 3364 πρὸς
371 3295 420 3348 τὸν
436 3296 559 3364 δαίμονα
573 3316 596 3353 ο.
612 3300 741 3354 Hertlein
755 3301 978 3355 HermesX4l4
1025 3306 1056 3356 16
1075 3316 1147 3364 παρα-

155 3361 325 3424 γενηθεὶςΑ
361 3383 587 3433 παραγεν....σ
605 3370 652 3424 Βε.
678 3369 908 3443 παραγενόμενος
921 3371 995 3426 Bbc
1049 3378 1147 3434 λθνορ·
1178 3371 1179 3414 ι

158 3433 251 3492 φυρήν
269 3428 317 3481 Ba
351 3443 502 3503 πορφυρᾶν
521 3437 547 3488 R
