2394 3912
140 209 205 276 εει
335 295 337 304 Ι
568 213 730 266 -ε-

137 374 200 457 την
224 373 354 458 βουλὴν
376 375 439 458 τὴν
463 374 589 440 ἐκτῶν
613 373 759 462 ἀρίστων
782 371 999 459 συνηγμένην
1022 372 1148 437 διαστα-

138 481 264 546 σιάσειε
297 478 352 546 καὶ
379 480 484 564 λέγοι·
518 483 572 546 Σιὺ
600 478 631 547 δ’
657 481 754 566 ἡμῖν,
786 477 812 546 ὦ
840 483 962 566 βουλή,
991 482 1027 544 τί
1049 489 1150 556 ποιεῖς

26 649 29 652 .
139 585 271 670 ἀγαθὸν
289 586 345 652 καί
363 585 438 653 ἀντὶ
456 590 554 664 ποίας
572 589 678 664 αἰτίας
696 588 811 674 ἄρχειν
827 598 895 652 τῶν
909 590 1022 652 ἀλλων
1036 585 1146 666 ἀξιοίς;

140 689 245 758 οὐθὲν
278 694 341 778 γάρ
369 691 411 758 ἀν
439 695 545 759 εἰπεῖν
572 696 673 779 ἔχοις·
710 691 808 758 ἔπειτ’
836 693 899 758 οὐκ
925 691 1148 777 ἀπαλλαγησό-

112 800 228 883 ιμεθά
255 816 318 864 σου
345 807 403 883 τῆς
430 801 631 884 τυραννίδος
658 799 780 882 ταύτης
806 800 871 883 ἤδη
898 797 979 865 ποτὲ
1005 797 1061 865 καλ
1085 796 1144 882 δίχ’

2 967 3 970 ,
103 905 301 990 5ἡγεμόνος
332 907 525 990 οίκησομενς
557 907 589 970 εί
619 905 661 990 δὴ
691 914 794 971 ταῦτα
823 903 1062 989 διανοηθέντες
1086 915 1148 969 τῶν

140 1015 304 1096 συνήθων
322 1011 591 1096 ἐπιτηδευμάτων
609 1011 798 1096 ἀποσταῖεν,
818 1016 853 1078 τί
868 1013 1011 1078 κωλύσει
1030 1013 1148 1094 ταύτην

139 1119 244 1202 κακὴν
271 1128 379 1194 κακῶς
406 1116 591 1183 ἀπολέσθαι
617 1119 680 1202 τὴν
706 1122 806 1184 πόλιν
828 1119 894 1184 ὑπὸ
917 1123 1020 1202 λιμοῦ
1040 1139 1076 1183 τε
1099 1115 1149 1180 καὶ

139 1221 286 1308 πολέμου
313 1221 369 1289 καὶ
397 1225 520 1301 παντὸς
547 1225 652 1290 ἀλλον
679 1233 799 1303 κακοῦς
828 1218 1099 1334 μαθόντεςοοῦν,
1126 1220 1148 1288 ὦ

101 1351 126 1393 ιο
141 1331 297 1415 δημόται,
327 1330 378 1395 δτι
405 1331 557 1415 καθάπερ
586 1331 623 1397 έν
649 1342 719 1408 τοίς
746 1333 897 1417 σώμασιν
924 1330 1020 1416 ἡμῶν
1041 1329 1062 1414 ἡ
1086 1334 1149 1395 λοι-

140 1435 336 1523 δορουμένη·
359 1447 467 1514 κακῶς
493 1437 559 1502 ὑπὸ
587 1448 654 1502 τῶν
681 1443 815 1504 πολλῶν
842 1439 1013 1524 <γασιηρ>
1040 1435 1150 1522 τρέφει

138 1543 176 1608 τὸ
209 1554 302 1627 σῶμα
334 1542 523 1629 τρεφομένη
556 1541 612 1609 καλ
639 1546 734 1625 σώζει
762 1543 947 1630 σωζομένη,
979 1543 1036 1610 καί
1063 1547 1149 1608 ἔστιν

139 1649 222 1715 ὡσεί
247 1673 297 1727 τις
327 1649 471 1727 ἑστίασις
497 1650 593 1733 κοινὴ
621 1651 659 1714 τὸ
688 1654 886 1737 πρόσφορον
914 1651 1073 1716 ἁπάντων
1101 1648 1150 1716 καί

138 1765 196 1838 τῆς
225 1757 404 1840 διαλλαγῆς
429 1763 537 1821 αίτιον
560 1757 784 1841 ἀποδιδοῦσα,
813 1759 919 1835 οὕτως
942 1758 979 1823 έν
1002 1768 1076 1834 ταῖς
1097 1759 1150 1822 πό-

100 1881 125 1922 15
139 1865 232 1925 λεσιν
250 1861 270 1945 η
292 1862 465 1928 διοικοῦσα
478 1863 519 1926 τά
532 1864 630 1928 κοινά
643 1860 698 1928 καὶ
712 1873 773 1930 τοῦ
786 1867 1015 1949 προσήκοντος
1028 1863 1149 1950 ἕκάσιφ

139 1965 372 2052 προνοουμένη
410 1970 516 2053 βουλὴ
553 1969 661 2034 πάντα
693 1971 789 2048 σώζει
820 1967 876 2034 καὶ
908 1971 1069 2054 φυλάττει
1100 1968 1149 2035 καὶ

140 2074 335 2160 ἐπανορθοῖ,
359 2075 535 2141 παύσασθε
557 2077 615 2152 τὰς
638 2075 848 2160 ἐπιφθόνους
869 2070 941 2141 κατ’
963 2076 1065 2160 αὐτῆς
1087 2101 1149 2161 φω-

139 2182 199 2258 νδις
226 2180 393 2266 λέγοντες,
422 2182 466 2259 ὡς
494 2181 693 2266 ἐξεβλήθητε
720 2192 777 2267 τῆς
803 2185 963 2268 πατρίδος
986 2180 1088 2266 <καλ>
1111 2183 1193 2258 ὡςῐλ·

141 2287 258 2372 ἀλῆται
281 2287 336 2353 καὶ
358 2286 482 2374 πτωχοὶ
505 2287 721 2374 περιέρχεσθε
745 2288 790 2354 δι’
813 2291 930 2373 αὐτήν..
966 2285 1069 2354 οὐδὲν
1092 2290 1150 2372 γάρ

43 2483 46 2488 ¹
99 2415 126 2455 ιο
139 2394 225 2480 ὑμᾶς
253 2401 422 2480 είργασται
450 2395 564 2460 δεινὸν
593 2391 667 2460 οὐδ’
689 2395 731 2460 άν
754 2395 945 2481 ἐργάσαιτο,
974 2392 1048 2460 ἀλλ’
1072 2396 1149 2477 αὐτη

139 2507 235 2566 καλεῖ
255 2499 309 2565 καὶ
333 2501 501 2585 ἀντιβολεῖ
523 2499 659 2578 καὶτὰς
682 2503 790 2586 ψυχὰς
812 2503 893 2586 ὑμῖν
915 2501 984 2587 ἅμα
1004 2513 1078 2579 ταις
1096 2503 1150 2567 πό

139 2614 211 2685 λαις
234 2607 467 2673 ἀναπετάσασα
489 2606 694 2692 ὑποδέχεται.
830 2619 832 2628 “

206 2713 401 2780 LXXXVII.
428 2719 572 2779 Τοιαῦτα
591 2713 746 2798 λέγοντος
763 2723 824 2780 τοῦ
837 2717 1017 2797 Μενηνίου
1034 2713 1149 2780 πολλαὶ

138 2819 194 2887 καὶ
222 2824 369 2886 ποικίλαι
396 2815 474 2906 παρ’
497 2821 580 2903 ὅλην
604 2820 777 2904 ἐγίγνοντο
799 2822 862 2904 τὴν
885 2823 1098 2905 δημηγορίαν
1120 2821 1150 2886 ἐκ

98 2947 125 2988 ει
139 2940 206 2994 τῶν
229 2931 406 3011 παρόντων
429 2930 548 3011 φωναί.
586 2927 699 3011 ἐπειδὴ
724 2924 761 2992 δὲ
783 2932 947 2992 τελευτῶν
970 2931 1149 3011 τοῦλόγου

212 3118 466 3191 1*σνηγμίνηνΒ
503 3118 688 3189 συγκειμένην
706 3120 731 3172 R
747 3122 751 3186 Ι
767 3117 925 3186 διαστησειε
945 3119 971 3172 Α
1005 3119 1149 3174 διασπάσαι

138 3192 185 3244 Ba
256 3196 477 3258 8κακηγκακῶς
494 3189 540 3242 Bb
616 3195 647 3243 11
667 3190 722 3244 ὑπὸ
740 3198 796 3243 τῶν
814 3191 936 3262 πολλῶν]
956 3190 1013 3244 ὑπὸ
1032 3199 1090 3244 τῶν
1108 3191 1150 3244 ἄλ

138 3265 193 3313 λων
213 3264 302 3328 μελῶν
320 3259 429 3326 Kayser
446 3259 518 3313 Ann.
536 3259 607 3327 phil.
628 3267 697 3314 1866
715 3278 743 3328 p.
758 3267 792 3314 47
809 3265 813 3321 Ι
830 3260 935 3330 γαστὴρ
950 3261 1017 3314 αδδ.
1033 3261 1148 3330 Sylburg

140 3336 172 3380 13
193 3327 339 3398 ἁπάντων]
358 3329 446 3382 ἅπασι
465 3346 487 3384 e.
507 3329 611 3383 Reiske
690 3336 724 3384 14
742 3332 934 3400 διαλλαγῆςΟ
973 3333 1113 3402 διαμονῆς
1128 3349 1147 3385 υ.

138 3397 340 3529 ἓεφὲἰῄθῖξ
359 3397 408 3451 καί
428 3398 491 3452 add.
512 3398 633 3468 Sylburg
690 3407 725 3455 24
743 3399 795 3470 τὴν
813 3403 991 3473 δημηγορίαν
1011 3397 1150 3472 ἐγίγνοντο
