2400 3912
104 225 201 306 x112
563 227 727 276 -Δ-

134 386 293 470 τοπέδου,
321 397 389 452 τῶν
417 389 668 471 κατεσχηκότων
695 387 757 469 την
781 388 890 452 οἰκίαν
913 386 1019 450 αὐτοῦ
1041 396 1138 449 κακῶν

135 489 237 559 οὐδὲν
261 493 358 569 εἰδὼς
380 491 435 558 καὶ
459 496 523 559 σὺν
546 493 636 580 αὐτῷ
659 492 804 569 Λεύκιος
822 489 975 575 Ἰούνιος,
999 483 1025 579 ᾧ
1045 495 1138 576 Βροῦ-

134 622 191 676 τος
214 599 404 683 ἐπωνύμιον
421 595 479 683 ἦν·
507 606 557 684 εἴη
578 597 608 664 δ’
632 598 674 664 ἀν
693 598 994 684 ἐξερμηνευόμενος
1012 598 1030 663 δ
1045 602 1138 682 Βροῦ-

134 729 191 783 τος
220 707 267 783 είς
296 707 358 790 την
381 701 579 790 Ἑλληνικὴν
610 707 783 770 διάλεκτον
813 705 959 788 ἠλίθιος·
996 700 1080 790 ὑπὲρ
1108 699 1138 768 οὗ

108 814 235 898 ιμικρά
255 824 427 898 προειπεῖν
446 812 640 896 ἀναγκαῖον,
660 811 774 895 ἐπειδὴ
788 820 909 876 τοῦτον
924 811 1139 896 ἀποφαίνουσι

131 913 285 1002 Ῥωμαῖοι
307 928 366 1002 τῆς
383 920 594 996 καταλύσεως
611 930 679 984 τῶν
693 920 871 1004 τυράννων
885 919 1081 984 αἰτιώτατον
1099 941 1138 1000 γε·

135 1023 267 1108 νέσθαι,
292 1029 340 1102 τίς
362 1022 391 1090 τ’
418 1021 462 1108 ἦν
484 1023 540 1090 καὶ
563 1026 627 1091 ἀπὸ
649 1028 753 1092 τίνων
776 1023 831 1090 καὶ
855 1026 911 1090 διά
933 1028 968 1090 τί
988 1033 1048 1108 τῆς
1069 1023 1139 1089 ἐπω-

135 1134 257 1214 νυμίας
279 1133 399 1214 ταύτης
421 1134 537 1216 ἔτυχεν
560 1129 662 1198 οὐδὲν
685 1133 775 1220 αὐτῷ
798 1131 1042 1217 προσηκούσης.

203 1237 355 1302 LXVIII.
392 1242 445 1326 Τῷ
474 1236 574 1324 ἀνδρὶ
600 1240 707 1327 τούτφ
731 1240 839 1324 πατὴρ
862 1236 924 1324 μὲν
946 1233 990 1321 ἦν
1013 1238 1140 1322 Μάρκος

97 1366 123 1406 10
133 1339 273 1421 Ἰούνιος
301 1343 376 1422 ἑνὸς
402 1356 470 1410 τῶν
500 1347 565 1409 σὺν
588 1347 709 1431 Αἰνεία
735 1347 797 1428 τὴν
825 1345 982 1410 ἀποικίαν
1005 1345 1140 1410 στειλάν-

135 1473 203 1516 των
226 1450 405 1535 ἀπόγονος,
430 1451 467 1516 ἐν
490 1461 560 1527 τοῖς
582 1450 855 1536 ἐπιφανεστάτοις
868 1449 1039 1536 Ῥωμαίων
1056 1450 1140 1536 ἀριθ-

136 1558 302 1642 μούμενος
325 1555 369 1623 δι’
388 1557 520 1642 ἀρετην,
539 1559 645 1642 μήτηρ
665 1554 702 1622 δέ
721 1561 889 1644 Ταρκυνία
907 1567 969 1624 τοῦ
987 1557 1173 1643 προτέρουεοι

137 1662 297 1744 βασιλέως
329 1667 518 1748 Ταρκυνίου
549 1665 717 1748 θυγάτηρ
756 1665 855 1742 αὐτὸς
888 1662 927 1730 δέ
958 1673 1085 1751 τροφῆς
1113 1687 1139 1727 τε

137 1766 192 1832 καὶ
214 1770 365 1845 παιδείας
387 1778 445 1853 τῆς
468 1769 647 1854 ἐπιχωρίου
670 1772 776 1854 πάσης
799 1769 956 1855 μετέλαβε
974 1769 1030 1836 καὶ
1048 1771 1141 1855 φύσιν

98 1857 205 1971 Ξείχε
232 1876 315 1959 πρὸς
342 1873 444 1940 οὐδὲν
465 1886 533 1940 τῶν
555 1880 667 1941 καλῶν
690 1876 986 1961 ἀντιπράττουσαν.
1024 1875 1091 1942 ἐπεὶ
1111 1873 1141 1940 δὲ

143 1981 287 2045 Τύλλιον
319 1980 515 2058 ἀποκτείνας
551 1983 736 2066 Ταρκύνιος
768 1985 832 2047 σὺν
865 1984 979 2060 ἀλλοις
1010 1982 1141 2068 ἀνδράσι

137 2091 272 2163 πολλοῖς
289 2085 344 2152 καὶ
363 2087 506 2170 ἀγαθοῖς
523 2087 579 2152 καὶ
597 2089 657 2153 τὸν
672 2088 802 2154 ἐκείνου
816 2088 941 2175 πατέρα
956 2091 1141 2174 διεχρήσατο

138 2192 262 2277 ἀφανεῖ
281 2194 418 2282 θανάτφ
444 2191 487 2259 δι’
510 2191 612 2277 οὐδὲν
635 2192 697 2279 μὲν
720 2194 879 2280 ἀδίκημα,
907 2205 968 2262 τοῦ
992 2192 1030 2260 δὲ
1052 2197 1142 2259 πλού-

137 2323 198 2365 του
224 2299 408 2386 προαχθελς
438 2302 486 2378 είς
513 2300 711 2385 ἐπιθυμίαν,
745 2301 785 2368 ὃν
813 2302 849 2368 ἐκ
876 2309 1019 2380 παλαιάς
1040 2298 1142 2368 τεκαὶ

100 2428 127 2467 εο
140 2416 341 2490 προγονικῆς
377 2407 580 2492 παραλαβὼν
612 2407 765 2493 εὐτυχίας
796 2407 964 2494 ἐκέκτητο,
1001 2408 1057 2474 καλ
1085 2410 1141 2472 σὺν

140 2512 228 2598 αύτῷ
255 2514 315 2577 τὸν
341 2514 568 2598 πρεσβύτερον
591 2515 667 2580 υἱὸν
691 2513 823 2597 εὐγενές
845 2539 878 2579 τι
901 2518 1059 2602 φρόνημα
1080 2517 1143 2579 δια-

140 2621 305 2700 φαίνοντα
328 2616 383 2683 καλ
405 2620 442 2684 τὸ
466 2621 509 2702 μὴ
528 2629 713 2706 τιμωρῆσαι
730 2628 776 2709 τςδ
795 2622 933 2709 θανάτῳ
951 2621 1142 2705 τοῦπατρὸς

140 2722 202 2788 οὐκ
229 2722 271 2788 ἀν
298 2724 538 2809 ὑπομείναντα,
565 2725 641 2804 νέος
665 2727 712 2792 ὢν
736 2727 754 2794 ὁ
778 2732 928 2814 Βροῦτος
950 2731 998 2794 ἐτι
1021 2726 1076 2794 καὶ
1095 2749 1143 2792 κο-

140 2829 219 2913 μιδῇ
255 2833 416 2914 βοηθείας
449 2841 645 2917 συγγενικῆς
677 2836 798 2919 ἔρημος
831 2837 931 2921 ἔργον
964 2834 1142 2921 ἐπεχείρησε

101 2954 127 2995 τι
139 2944 280 3019 ποιῆσαι
297 2936 433 3002 πάντων
451 2939 717 3024 φρονιμώτατον,
742 2939 899 3008 ἐπίθετον
918 2940 1039 3008 ἑαυτοῦ
1057 2963 1142 3006 κατα-

142 3043 333 3119 ψεύσασθαι
356 3048 498 3129 μωρίαν·
528 3043 582 3110 καὶ
607 3044 772 3132 διέμεινεν
795 3048 923 3113 ἅπαντα
941 3048 1001 3112 τὸν
1022 3046 1054 3125 ἐξ
1073 3046 1140 3112 ἐκεί-

213 3272 229 3318 9
248 3267 378 3336 Μάρκιος
397 3269 419 3322 Ο
443 3287 511 3324 corr.
531 3270 652 3339 Sylburg
734 3278 767 3324 10
786 3272 921 3325 ἀποικίαν
940 3272 1004 3326 add.
1025 3274 1047 3326 B
1110 3276 1140 3322 14

143 3331 355 3402 π<αι>δείαςΒ
407 3345 439 3392 15
460 3339 558 3408 ἐσχεΒ
612 3346 645 3395 23
666 3337 705 3393 ἐτι
719 3343 821 3412 κομιδῇ
840 3341 889 3395 καὶ
908 3341 1071 3397 0.Hertlein
1082 3341 1140 3396 Her-

144 3414 204 3482 ιφοε
222 3401 247 3451 X
265 3410 316 3456 413
398 3413 432 3460 24
452 3406 626 3477 ἐπιχειρῆσαι
644 3409 690 3462 Ba
768 3417 803 3465 25
821 3419 938 3480 ποιῆσαι
956 3414 1100 3468 delendum
1114 3413 1141 3464 et

147 3463 217 3537 ἔργῳ
243 3499 269 3507 -
288 3476 488 3548 φρονιμωτάτῳ
507 3479 684 3532 scribendum
703 3497 725 3533 c.
746 3481 848 3535 Garrer
867 3483 930 3536 Obs.
951 3501 979 3552 p.
995 3491 1029 3538 35
