2384 3902
557 159 722 210 „E-

128 323 285 410 πράττειν
314 321 472 398 ἑκάστους
499 319 713 397 ἀκούσοντας.
759 317 907 403 ἐγίγνετο
936 328 1052 384 ταῦτα·
1092 316 1141 383 καὶ

130 431 243 514 ἐπειδή
263 431 485 514 συνήχθησαν
504 428 540 492 οί
554 428 793 512 προεστηκότες
806 438 874 491 τῶν
888 424 1028 512 ἑταίρων
1042 427 1141 490 ἅπαν-

129 560 182 613 τες
206 538 253 614 είς
273 537 336 620 τήν
360 534 496 620 ἀγοράν,
521 534 577 598 διά
600 531 827 616 συνθημάτων
851 532 985 616 ἀδήλων
1008 531 1141 610 ἐκείνοις

130 643 235 720 εὐθὺς
267 642 364 708 αἵτε
392 642 490 727 ἀκραι
519 642 654 727 πλήρεις
681 638 855 722 ἐγίγνοντο
883 649 951 705 τῶν
978 635 1063 724 ὑπὲρ
1092 649 1142 722 τῆς

107 753 256 826 οπόλεως
279 749 509 832 ἀνειληφότων
531 747 572 811 τά
596 747 681 812 ὅπλα
703 744 758 811 καὶ
780 748 821 811 τά
845 744 920 832 περὶ
938 747 1001 830 τήν
1019 745 1142 832 ἀγοράν

129 857 194 922 ὑπὸ
223 865 290 921 τῶν
320 854 446 921 ἱππέων
474 854 672 941 ἐφρουρεῖτο
696 854 821 940 κύκλῳ,
850 855 909 938 μία
930 877 967 918 τε
990 853 1031 919 οὐ
1055 877 1141 918 κατε-

95 964 261 1028 2λείπετο
292 971 363 1039 τοῖς
395 959 527 1025 ἀπιέναι
559 958 779 1044 βουλομένοις
809 959 932 1039 ἐξοδος.
977 957 1032 1024 καὶ
1067 960 1141 1024 κατὰ

69 1133 73 1143 ,
130 1070 191 1134 τὸν
219 1068 323 1134 αὐτὸν
351 1071 475 1152 χρόνον
499 1066 517 1132 ό
541 1065 653 1152 ἕτερος
675 1076 743 1130 τῶν
766 1065 902 1131 ὑπάτων
924 1065 1062 1143 Μάνιος
1086 1065 1140 1130 ἀπὸ

130 1185 188 1260 της
214 1175 364 1258 Φιδήνης
378 1173 536 1260 ,ἀναστάς
562 1182 673 1258 παρήν
701 1174 747 1248 είς
769 1173 807 1237 τὸ
830 1173 948 1238 πεδίον
971 1174 1067 1256 όίγων
1090 1173 1141 1254 τήν

97 1301 123 1341 ιο
134 1282 288 1367 δύναμιν.
334 1280 379 1357 ὡς
412 1277 443 1344 δ’
476 1277 582 1364 ήμέρα
613 1279 749 1363 τάχιστα
783 1278 980 1364 διέλαμψεν,
1012 1279 1141 1354 ὁπλίτας

130 1386 204 1475 περὶ
225 1386 365 1463 ἑαυτούς
383 1389 515 1472 ἔχοντες
534 1387 569 1452 οί
584 1386 705 1451 ύπατοι
723 1391 900 1472 προῆλθον
918 1385 970 1454 ἐπὶ
989 1388 1027 1452 τὸ
1048 1389 1140 1470 βήμα·

131 1492 185 1560 καὶ
210 1496 266 1560 διά
288 1494 423 1560 πάντων
445 1503 513 1558 τῶν
536 1490 716 1558 στενωπῶν
738 1504 809 1570 τοῖς
826 1493 945 1580 κήρυξι
962 1503 1173 1580 περιαγγεῑ-οει

131 1605 186 1664 λαι
209 1602 423 1677 κελεύσαντες
445 1601 538 1684 ήκειν
561 1602 621 1665 τὸν
646 1600 754 1685 δήμου
776 1601 823 1677 είς
846 1600 1040 1683 ἐκκλησίαν,
1069 1620 1141 1664 παν-

132 1707 188 1781 τὸς
210 1715 270 1770 τοῦ
294 1708 377 1772 κατά
399 1708 460 1790 τήν
478 1709 578 1772 πόλιν
598 1708 700 1791 όχλου
719 1707 983 1792 συνδραμόντος,
1008 1707 1143 1790 δηλοῦσί
1184 1769 1185 1784 ,

98 1831 124 1871 15
134 1835 168 1877 τε
192 1811 306 1889 αὐτοῖς
328 1815 390 1897 τήν
408 1813 595 1898 γενομένην
615 1810 668 1878 ἐπὶ
686 1821 726 1898 τῇ
744 1815 882 1901 καθόδῳ
900 1821 962 1879 τοῦ
981 1812 1141 1900 τυράννου

98 1918 118 1983 3
133 1921 349 2003 συνωμοσίαν
365 1917 422 1985 καὶ
440 1921 519 1996 τοὺς
537 1920 684 2004 μηνυτὰς
701 1919 967 2004 ἀναβιβάζονται.
1000 1918 1057 1986 καὶ
1070 1921 1140 2006 μετά
1183 1991 1184 2006 1

130 2022 221 2090 τοῦτ’
253 2025 494 2109 ἀπολογείσθαι
521 2028 810 2113 συγχωρήσαντες,
845 2025 903 2116 ἐάν
931 2049 1023 2104 τινες
1051 2027 1141 2112 ἀμφι-

133 2135 280 2216 σβητῶσι
294 2134 378 2218 πρὸς
395 2133 457 2217 τήν
471 2135 628 2217 μήνυσιν,
644 2132 756 2216 ἐπειδή
775 2133 858 2220 πρὸς
876 2134 1021 2220 άρνησιν
1041 2129 1141 2208 οὐδεὶς

133 2238 321 2326 ἐπεχείρησε
349 2237 550 2325 τραπέσθαι,
580 2219 798 2323 μεταστάντες
821 2239 856 2305 ἐκ
878 2247 937 2324 τῆς
962 2240 1082 2327 ἀγοράς
1100 2240 1128 2303 εί
1182 2243 1183 2256 ’

97 2348 169 2412 εοτδ
193 2348 434 2430 βουλευτήριον
455 2344 589 2430 γνώμας
607 2342 691 2432 ὑπὲρ
712 2345 822 2411 αὐτῶν
842 2347 1053 2432 διηρώτησαν
1070 2348 1141 2422 τοὺς

132 2451 331 2538 συνέδρους,
364 2449 420 2518 καὶ
451 2452 659 2538 γραψάμενοι
686 2453 726 2517 τά
755 2451 897 2530 δόξαντα
925 2453 1039 2532 αὐτοῖς
1065 2449 1140 2537 ήκον

134 2553 234 2635 αὖθις
257 2557 311 2623 ἐπὶ
334 2559 396 2642 τήν
420 2557 596 2641 ἐκκλησίαν
620 2556 675 2624 καὶ
693 2560 730 2623 τὸ
750 2559 987 2645 προβούλευμα
1005 2561 1139 2644 ἀνέγνω·

133 2680 205 2729 σαν.
250 2660 293 2748 ήν
316 2662 359 2751 ᾗδὲ
384 2665 531 2731 τοιόνδε·
571 2668 769 2750 Ταρκυνίοις
796 2662 858 2749 μὲν
885 2677 955 2743 τοῖς
982 2667 1140 2752 μηνύσασι

132 2770 194 2854 τήν
218 2770 372 2838 ἐπίθεσιν
394 2774 565 2837 πολιτείαν
590 2773 751 2838 δεδόσθαι
771 2769 826 2837 καὶ
846 2772 1010 2861 ἀργυρίου
1028 2775 1139 2859 μυρίας

97 2876 275 2967 εοὲκατέρω
315 2880 463 2965 δραχμάς
493 2877 549 2944 καὶ
581 2877 712 2967 πλέθρα
743 2888 803 2964 γής
837 2881 998 2965 δημοσίας
1029 2886 1137 2945 εἴκοσι·

151 3081 152 3086 ’
206 3073 414 3135 1ἀκοόσοντας
436 3071 513 3125 ABb
550 3071 736 3135 ἀκούσοιντας
759 3073 804 3127 Ba
840 3072 1019 3136 ἀκούσαντας
1039 3072 1138 3142 Kayser

133 3142 205 3230 ᾼηω.
224 3143 294 3211 phil.
315 3150 383 3232 18‘66
402 3161 429 3212 p.
445 3150 480 3197 46
497 3146 500 3208 Ι
515 3137 623 3224 ἐγίνετο
642 3142 665 3194 Β
698 3139 808 3214 ἐγένετο
822 3143 848 3197 R
902 3151 917 3198 2
938 3139 1136 3236 ἕταίρωνβΒο

136 3211 302 3336 ῗλλῗέειῗῗ
317 3211 656 3355 μῗίαζὲιήήάθέῗωέι
674 3221 704 3340 ί.
721 3215 836 3340 22‘3‘225‘
852 3212 1136 3352 ἕξιδείέέόέλιῗέ

138 3347 173 3398 de
197 3366 285 3418 comp.
308 3353 384 3409 verb.
403 3371 430 3421 p.
450 3359 501 3407 247
558 3359 589 3407 11
610 3359 759 3424 παρῆλθον
782 3373 805 3410 ο.
824 3356 948 3412 Reudler
966 3356 1053 3412 Tiroc.
1071 3373 1093 3424 p.
1106 3359 1136 3406 29

140 3420 174 3466 23
192 3423 349 3485 ταρκυνίων
367 3422 419 3475 ΑΒ
492 3430 527 3478 24
545 3426 681 3480 δίδοσθαι
699 3445 722 3482 ο.
741 3426 842 3481 Portus
907 3445 909 3449 ·
