2384 3902
141 198 207 264 284
571 195 729 249 -5-

140 343 285 444 εξήλθον
312 361 391 436 τοὺς
419 357 683 441 ἐξαπατήσοντας
705 360 841 442 λόγους,
871 355 989 439 ὀλίγον
1013 353 1145 439 ἐπισχὼν

140 467 159 533 ὁ
183 468 373 551 Ποστόμιος
395 468 520 551 χρόνον
542 465 625 550 πρὸς
648 463 771 541 αὐτοὺς
793 458 877 529 εἶπε·
914 463 1062 548 Πονηρὰ
1083 465 1144 545 βον-

140 573 297 658 λεόματα,
321 566 348 636 ὦ
372 571 598 653 Οὐολοῦσκοι,
623 580 778 656 χρηστοῖς
800 573 914 654 λόγοις
937 567 1145 653 ἀμφιέσαντες

140 681 248 763 ήκετε·
275 676 331 744 καὶ
352 680 521 761 πολεμίων
544 680 626 763 ἔργα
643 677 844 762 πράττοντες
861 680 973 761 φίλων
992 675 1144 758 ἐξενέγκα-

105 771 225 885 {efflat
248 784 414 868 βούλεσθε
437 783 548 862 δόξαν.
594 781 688 868 ὑμεῖς
709 785 774 869 γάρ
797 781 987 876 ἀπέσταλθε
1010 781 1079 846 ὑπὸ
1100 791 1145 846 τοῦ

140 900 259 957 κοινοῦ
286 893 446 968 Λατίνοις
478 892 749 975 συμμαχήσοντες
775 886 854 955 καθ’
881 889 992 975 ήμῶν,
1028 886 1098 953 ἐπεὶ
1120 883 1142 951 δ’

141 999 275 1083 ὕστεροι
311 987 369 1082 τῆς
404 997 510 1082 μάχης
541 997 635 1080 ήκετε
667 995 723 1062 καὶ
754 995 1006 1085 κρατουμένους
1040 996 1144 1069 αὐτοὺς
1177 1045 1178 1076 ,

142 1104 254 1189 ὁρᾶτε,
282 1105 584 1190 παρακρούσασθαι
612 1089 779 1186 βούλεσθε
801 1103 886 1188 ἡμᾶς
907 1103 1084 1184 τάναντία,
1110 1096 1172 1165 ὧνεοε

142 1208 291 1295 ἐμέλλετε
313 1210 480 1297 πράττειν,
504 1209 665 1294 λέγοντες.
701 1208 757 1275 καὶ
777 1207 850 1275 οὐδ’
874 1209 894 1293 ή
919 1211 1143 1294 φιλανθρωπία

104 1341 129 1381 ιο
142 1327 210 1382 τῶν
237 1320 364 1402 λόγων,
393 1318 438 1402 ἣν
464 1318 651 1384 πλάττεσθε
677 1319 760 1404 πρὸς
786 1318 1019 1404 τὸνπαρόντα
1040 1317 1144 1400 καιρὸν

143 1420 223 1489 οὐδὲ
254 1425 292 1489 τὸ
322 1426 536 1509 προσποίημα
562 1423 658 1508 ὑμῶν
684 1432 742 1507 τῆς
770 1425 871 1509 δεῦρο
899 1422 1043 1507 ἀφίξεως
1068 1420 1145 1504 ὑγιές

144 1529 252 1614 ἐστιν,
279 1530 363 1596 ἀλλά
390 1531 644 1628 μεστὸνήόόλου
666 1528 723 1595 καὶ
746 1521 891 1613 ἀπάτης)
926 1530 1053 1614 οὐγὰρ
1077 1545 1144 1593 συν-

143 1639 372 1722 ησθησόμενοι
390 1647 460 1713 τοϊς
479 1636 622 1721 ἀγαθοῖς
639 1634 811 1722 ἡμετέροις
825 1633 1058 1719 ἐξαπέσταλθε,
1076 1634 1144 1699 ἀλλά

141 1747 442 1829 κατασκεψόμενοι,
469 1754 538 1820 πῶς
565 1743 645 1828 ήμῑν
673 1743 852 1820 ἀσθενείας
878 1743 898 1827 ή
924 1743 1094 1826 δυνάμεως
1112 1742 1144 1804 τὰ
1180 1799 1181 1802 ,

103 1870 129 1910 15
142 1849 316 1934 πράγματα
340 1853 422 1936 ἔχει·
452 1853 512 1916 καί
532 1850 605 1917 ἐστε
627 1847 827 1936 πρεσβευταὶ
850 1847 912 1933 μέν
936 1851 1037 1937 λόγῳ,
1061 1848 1142 1914 κατά-

108 1961 262 2024 3σκοποι
295 1951 325 2022 θ’
353 1959 449 2044 ἔργῳ.
495 1954 714 2042 ἀρνουμένων
748 1955 785 2022 δὲ
817 1957 900 2041 πρὸς
931 1956 1060 2022 ἅπαντα
1089 1964 1142 2019 τῶν

144 2061 278 2146 ἀνδρῶν
302 2062 342 2128 οὐ
366 2064 423 2128 διὰ
442 2071 571 2148 μακροῦ
589 2063 652 2146 τήν
670 2065 783 2128 πίστιν
801 2064 927 2146 ἔφησεν
946 2061 1060 2138 αὐτοῖς
1075 2083 1141 2144 παρ
1181 2061 1182 2090 ¹

143 2166 290 2246 ἕξεσθαι·
322 2167 379 2234 καὶ
406 2169 526 2234 αὐτίκα
552 2169 611 2245 τὰς
638 2169 814 2245 ἐπιστολὰς
840 2168 969 2251 αὐτῶν,
997 2169 1037 2246 ἃς
1062 2170 1141 2249 ἔλαβε

36 2333 41 2342 .
143 2279 206 2363 πρὸ
230 2285 289 2361 τῆς
311 2276 416 2361 μάχης
438 2287 508 2354 τοῖς
530 2275 671 2360 ἡγεμόσι
693 2286 762 2341 τῶν
779 2278 938 2352 Λατίνων
961 2273 1140 2361 φερομένας,

104 2403 130 2442 20
145 2383 181 2449 ἐν
209 2375 261 2459 αἷς
288 2382 513 2465 ὑπισχνοῦντο
540 2381 653 2458 αὐτοῖς
675 2379 817 2466 πέμψειν
841 2381 1053 2465 ἐπικουρίαν,
1077 2403 1139 2464 προ-

143 2492 273 2574 ήνεγκε,
295 2486 350 2554 καὶ
372 2491 452 2566 τοὺς
471 2486 637 2573 φέροντας
654 2488 757 2565 αὐτάς
773 2491 975 2576 προήγαγεν.
1012 2488 1139 2570 ἀναγνο·

143 2593 297 2661 σθέυτων
326 2592 364 2660 δὲ
390 2605 458 2659 τῶν
485 2595 689 2681 γραμμάτων
711 2593 857 2660 καὶτῶν
880 2595 1095 2679 αἰχμαλώτων
1112 2591 1140 2668 ἃς

144 2705 265 2786 ἔλαβον
285 2701 421 2777 ἐντολάς
441 2701 708 2788 διηγησαμένων,
727 2703 765 2766 τὸ
784 2697 845 2786 μὲν
859 2706 991 2785 πλῆθος
1006 2699 1139 2786 <λίθοις>

144 2807 277 2892 ὥρμησε
307 2811 423 2892 βαλεῖν
450 2811 530 2886 τοὺς
559 2808 796 2885 Οὐολούσκους
823 2808 867 2884 ὡς
895 2806 1079 2884 ἑαλωκότας
1102 2797 1138 2898 ἐπ’

218 3042 232 3090 1
257 3031 411 3107 *ἐξήγοντο
435 3037 500 3099 τοὺς
518 3037 544 3089 A
581 3031 681 3104 ἐξῆγον
700 3034 805 3098 τοθςΒ
843 3030 891 3104 ἐξη
910 3043 994 3091 οῦντο
1013 3035 1141 3105 vulgo&-

142 3115 264 3176 ηγοῦντο
283 3107 373 3162 Cobet
390 3107 461 3162 Nov.
481 3108 556 3161 Lect.
575 3125 602 3175 p.
618 3113 669 3161 289
708 3102 859 3176 ἐξήνεγκεν
904 3106 1026 3176 iessling
1038 3106 1079 3162 Pr.
1092 3104 1141 3157 Βεε,

142 3194 170 3243 p.
187 3183 219 3230 16
257 3179 409 3246 διεξῆλθον
428 3194 480 3246 ego
549 3174 663 3232 2ελπεν
681 3176 707 3230 A
775 3176 919 3248 Βόρᾶσθε
937 3177 961 3230 Β
978 3183 982 3244 Ι
998 3174 1142 3247 παρατροό

144 3245 287 3298 οεοθαιΒ
343 3254 366 3300 9.
389 3253 429 3301 11.
450 3247 514 3300 οὔτε
529 3278 561 3288 -—
578 3247 642 3301 οὔτε
661 3265 683 3300 ο.
702 3247 832 3301 Ηετλλοὶεε
845 3249 964 3303 Hermes
979 3248 1005 3301 X
1020 3255 1070 3302 415
1117 3251 1142 3297 λθ

144 3312 266 3379 πέμπειν
280 3315 303 3368 Ο
339 3314 464 3384 πέμψειν
477 3316 607 3370 Hertlein
621 3318 639 3372 l.
654 3318 673 3371 l.
689 3316 857 3372 Cohess‘obs.
872 3336 899 3386 p.
917 3325 970 3373 114
1026 3327 1058 3372 23
1072 3318 1143 3381 *πλη

146 3383 200 3439 θοι
218 3380 326 3448 ὥρμησε
341 3386 437 3454 βαλεῖν
453 3386 475 3439 0
504 3406 532 3441 π.
548 3386 577 3440 ὡ,
593 3389 704 3442 ἀνελεῖν
720 3405 742 3444 ο.
757 3387 902 3442 Meutzner
916 3389 989 3444 Ann.
1005 3388 1073 3459 phil.
1088 3389 1143 3441 1882

146 3462 173 3510 p.
188 3453 240 3499 256
277 3452 368 3514 λίθοις
386 3453 485 3507 addidi
