2400 3912
450 223 617 274 -Ε-
979 221 1042 286 189

40 405 135 466 νηται.
179 377 278 463 οὗτος
310 382 329 448 ὁ
361 393 469 469 χῶρος
501 381 562 460 ἕως
589 393 658 448 τῶν
685 378 763 448 καθ’
789 381 874 467 ἡμᾶς
900 386 1043 468 χρόνων,

40 490 176 554 Μούκιοι
194 494 356 574 λειμῶνες
372 494 562 555 καλοῦνται.
599 497 704 555 ταῦτα
726 485 788 574 μὲν
806 499 876 566 τοῖς
890 488 1080 574 άνόράσι·2

6 596 169 681 ιιιΚλοιλίηι
192 589 230 660 δὲ
247 602 289 680 τῇ
306 594 467 684 παρθένςο
487 596 605 662 στάσιν
623 597 753 673 είκόνος
769 600 892 681 χαλκῆς
909 597 1043 680 ἐθοσαν,

38 703 74 786 ἣν
98 700 264 768 ἀνέθεσαν
292 699 346 768 ἐπὶ
372 710 431 785 τῆς
459 703 549 789 ίερίις
575 702 661 769 ὁδοῦ
681 711 741 786 τῆς
763 703 811 780 είς
831 703 894 785 τὴν
916 701 1044 787 ἀγοράν

39 810 194 894 φερούσης
214 809 251 873 οί
264 819 333 874 τῶν
351 806 535 895 παρθένων
551 808 699 896 πατέρες.
734 810 860 892 ταύτην
875 808 968 894 ἡμεῖς
982 807 1071 894 μὲνό

39 914 135 982 οὐκέτι
163 913 323 1000 κειμένην
351 916 509 1001 εὕρομεν,
540 913 669 1000 ἐλέγετο
697 910 730 982 ,θ’
752 914 944 1003 ἐμπρήσεως
968 915 1045 1001 περὶ

38 1023 84 1099 τὰς
104 1024 250 1106 πλησίον
273 1024 380 1100 οἰκίας
402 1022 586 1109 γενομένης
607 1023 805 1109 ἠφανίσθαι.
850 1023 945 1088 Κατὰ
967 1025 1079 1089 τοῦ-3

37 1151 86 1193 του
115 1130 175 1195 τὸν
209 1130 366 1196 ἐνιαυτὸν
398 1130 417 1197 ὁ
445 1132 530 1208 νεὼς
556 1139 617 1196 τοῦ
644 1134 860 1197 Καπιτωλίου
887 1131 971 1207 Διὸς
997 1131 1045 1206 είς

38 1235 222 1303 συντέλειαν
245 1237 461 1324 ἐξειργάσθη,
484 1235 560 1321 περὶ
585 1232 627 1303 οὗ
648 1239 689 1302 τὰ
711 1239 794 1304 κατὰ
816 1236 916 1323 μέρος
938 1235 976 1302 ἐν
997 1243 1043 1323 τῷ

37 1343 90 1426 πρὸ
111 1344 236 1410 τούτου
260 1344 433 1428 όεθηλωκα
457 1345 555 1430 λόγῳ.
597 1344 659 1428 τὴν
682 1340 714 1409 θ’
737 1342 916 1429 ἀνιέρωσιν
940 1342 1044 1408 αὐτοῦ
1060 1363 1086 1400 1⁰

36 1448 82 1516 καλ
109 1452 171 1534 την
201 1450 393 1537 ἐπιγραφὴν
420 1453 518 1534 ἔλαβε
545 1451 686 1536 Μάρκος
709 1447 857 1536 Ὁράτιος
887 1449 906 1514 ὁ
933 1447 1045 1534 ἕτερος

37 1566 93 1622 τῶν
113 1556 254 1623 ὑπάτων
277 1558 414 1642 φθάσας
436 1557 499 1640 την
521 1560 710 1643 παρουσίαν
727 1566 789 1622 τοῦ
808 1556 1044 1642 συνάρχοντος.

38 1661 184 1748 ἐτύγχανε
214 1659 252 1728 δὲ
279 1663 363 1729 κατά
389 1663 450 1728 τὸν
472 1663 592 1749 καιρὸν
613 1671 735 1728 τοῦτον
758 1661 942 1749 Οὐαλέριος
964 1683 1045 1748 προ-

37 1768 235 1853 εξεληλυθῶς
252 1771 335 1854 μετὰ
349 1769 523 1854 δυνάμεως
535 1766 590 1834 ἐπὶ
602 1770 664 1853 τὴν
678 1771 842 1854 βοήθειαν
855 1779 913 1854 τῆς
926 1770 1044 1855 χώρας.

37 1876 99 1959 ύρτι
128 1879 195 1962 γάρ
227 1885 296 1942 τῶν
328 1875 522 1962 ἀνθρώπων
549 1877 800 1941 καταλιπόντων
827 1878 868 1941 τά
898 1876 1045 1962 ἐρύματα
1060 1893 1086 1934 1⁵

36 1981 81 2048 καὶ
101 1986 293 2050 συνιόντων
315 1985 363 2060 είς
385 1985 464 2060 τοὺς
487 1981 613 2068 ἀγροὺς
634 1985 795 2068 ληστηρια
813 1981 951 2068 πέμπων
969 1986 1046 2048 Μα-

36 2091 132 2171 μίλιος
155 2090 284 2176 μεγάλα
304 2093 384 2167 τοὺς
406 2091 577 2176 γεωργούς
601 2091 771 2173 ἔβλαπτεν.
802 2086 895 2154 ταῦτ’
917 2086 970 2155 ἐπὶ
987 2098 1046 2173 τῆς

36 2200 135 2281 τρίτης
157 2198 319 2274 ὑπατείας
341 2197 502 2283 ἐπράχθη.

8 2313 36 2361 οῦ
91 2303 245 2370 XXXVI.
282 2304 328 2368 οί
357 2300 395 2369 δὲ
424 2304 484 2368 τὸν
513 2299 671 2389 τέταρτον
701 2301 856 2368 ἐνιαυτὸν
888 2300 1046 2387 άρξαντες

36 2408 144 2476 ὕπατοι
167 2412 320 2497 Σπόριος
337 2409 486 2495 Λάρκιος
508 2407 564 2474 καί
581 2414 680 2486 Τῖτος
692 2404 861 2495 Ἑρμίνιος
883 2409 964 2474 άνευ
987 2429 1046 2472 πο·
1060 2427 1087 2466 20

37 2515 127 2600 λέμου
159 2517 224 2600 τὴν
257 2516 363 2601 ἀρχὴν
396 2515 594 2582 διετέλεσαν.
639 2513 694 2582 ἐπὶ
725 2517 855 2582 τούτων
872 2514 995 2603 ’Ἄρρος
1027 2515 1045 2582 ὁ

39 2626 204 2709 Πορσίνου
227 2632 290 2688 τοῦ
307 2625 492 2709 Τυρρηνῶν
515 2623 678 2707 βασιλέως
694 2623 769 2702 υίὸς
786 2623 848 2707 την
863 2620 1047 2708 Ἀρικηνῶν

38 2733 126 2796 πόλιν
145 2731 306 2816 δεύτερον
321 2732 399 2806 ,ἔτος
412 2731 477 2814 ἤδη
491 2736 681 2817 πολιορκῶν
696 2730 914 2814 ἐτελεύτησεν.
943 2728 1082 2807 emm

41 2838 95 2923 γὰρ
118 2839 186 2923 ἅμα
209 2846 256 2925 τςό
280 2834 441 2921 γενέσθαι
464 2839 522 2914 τὰς
539 2832 711 2922 Ῥωμαίων
729 2838 879 2914 σπονδάς
895 2838 957 2921 την
975 2836 1048 2920 ημί-

41 2959 123 3010 σειαυ
155 2953 215 3029 της
246 2952 402 3029 στρατιᾶς
429 2954 551 3030 μοῖραν
579 2945 669 3030 παρὰ
696 2953 757 3010 τοῦ
785 2943 909 3029 πατρὸς
935 2942 1048 3026 λαβὼν
1062 2959 1088 2998 ²⁵

41 3047 249 3135 ἐστράτευσεν
281 3047 335 3115 έπλ
367 3052 447 3126 τοὺς
470 3048 666 3135 Ἀρικηνοὺς
694 3052 785 3116 ίόίαν
811 3049 1048 3126 κατασκευαζό-

43 3297 90 3332 m
105 3206 568 3334 λῖίῆὲἔόλέιῗὲἕῖἑῗίηάῗίλ
582 3209 605 3263 ⁰
623 3205 923 3349 λόῗλῗιλιιέθύαὶ
937 3203 1049 3345 λ”ίίιῖζ

44 3349 134 3416 ριοςΒ
211 3358 245 3406 23
264 3354 422 3420 πολιορκῶν
441 3350 571 3405 Hertlein
588 3351 608 3407 l.
626 3351 645 3406 l.
666 3351 737 3404 duce
755 3350 840 3404 Porto
877 3346 1048 3418 πολεμῶνΟ

44 3423 73 3474 26
91 3415 342 3492 ἐστρατοπέδευσεν
367 3420 389 3475 Ο
417 3423 575 3491 μισειοεΒ
621 3419 901 3490 κατασκευασάμενος
923 3437 946 3474 ο.
966 3420 1048 3474 Hert-

44 3488 94 3545 lein
111 3492 129 3549 l.
149 3492 168 3549 l.
188 3493 353 3549 dubitanter
