2400 3912
449 227 612 278 -ε-
856 266 860 274 .
977 221 1041 286 ωε

47 384 210 470 γεγονέναι,
234 388 296 453 δύο
320 383 382 471 μὲν
404 385 438 465 ἐξ
462 385 573 452 αὐτῶν
587 381 755 472 Ἑρμίνιός
772 409 808 451 τε
826 383 882 450 καλ
895 384 1043 472 Λάρκιος

48 489 286 578 διεφθαρμένων
313 493 427 571 αὐτοῖς
454 495 518 578 ἤδη
541 503 610 558 τῶν
632 495 883 579 σκεπαστηρίων
906 494 963 558 διὰ
985 494 1044 570 τὰς

46 608 176 683 συνεχεῖς
198 600 325 682 πληγὰς
348 599 541 686 ἀνεχώρουν
560 598 613 664 ἐπὶ
631 600 728 664 πόθα.
767 599 909 686 Οράτιος
927 596 965 664 δὲ
984 601 1043 682 μό-

45 727 94 781 νος
120 704 397 790 ἀνακαλουμένων
428 707 531 771 αὐτὸν
563 705 628 771 ἀπὸ
660 715 718 790 τῆς
748 709 875 785 πόλεως
906 717 974 772 τῶν
1002 702 1038 770 θ’

45 810 162 876 ὑπάτων
183 809 240 876 καλ
261 822 329 878 τῶν
353 813 465 878 ἀλλων
487 817 633 878 πολιτῶν
655 809 711 878 καὶ
733 811 809 898 περὶ
829 814 953 890 παντὸς
970 833 1070 877 ποι-ε

46 915 178 1001 ουμένων
201 924 356 1004 σωθῆναι
378 928 534 987 τοιοῦτον
557 921 666 1004 άνθρα
687 927 726 1005 τῇ
747 917 955 1006 πατρίδακαὶ
974 929 1044 996 τοῖς

45 1023 235 1109 γειναμένοις
253 1025 315 1090 οὐκ
334 1025 484 1108 ἐπείσθη,
508 1020 580 1092 ἀλλ’
602 1028 730 1110 ἔμενεν,
750 1028 836 1092 ἔνθα
853 1026 891 1091 τὸ
910 1035 1043 1112 πρῶτον

45 1133 120 1215 ἔστη,
150 1133 310 1210 κελεύσας
341 1143 412 1211 τοῖς
439 1131 514 1214 περὶ
541 1134 602 1198 τὸν
624 1127 796 1219 Ἑρμίνιον
824 1130 934 1215 λέγειν
961 1132 1045 1216 πρὸς

44 1239 107 1314 τοὺς
131 1237 293 1323 ὑπάτους,
322 1241 367 1318 ὡς
395 1240 500 1305 αὐτοῦ
525 1239 732 1325 φράσαντος,
760 1238 960 1305 ἀποκόπτειν
983 1239 1044 1322 την

43 1342 177 1430 γέφυραν
206 1345 271 1412 ἀπὸ
301 1354 359 1430 της
385 1349 513 1423 πόλεως
541 1345 578 1411 έν
604 1347 710 1431 τάχει·
751 1341 794 1429 ἦν
822 1342 859 1410 θλ
886 1346 945 1430 μία
970 1336 1041 1408 κατ’
1059 1367 1085 1407 10

43 1447 173 1530 ἐκείνους
199 1455 281 1530 τοὺς
303 1455 446 1541 χρόνους
469 1452 697 1539 ξυλόφρακτος
721 1454 803 1518 ἀνευ
825 1453 969 1538 σιδηρου
992 1451 1045 1514 ἀε-

43 1556 147 1642 θεμέυη
170 1569 245 1637 ταῖς
263 1562 398 1626 σανίσιν
417 1561 543 1643 αὐταῖς,
567 1560 610 1643 ἣν
628 1558 684 1624 καὶ
703 1558 815 1646 μέχρις
834 1558 916 1644 ἐμοῦ
933 1557 1045 1623 τοιαύ-

43 1683 93 1744 την
112 1666 317 1748 φυλάττουσι
331 1666 498 1752 Ῥωμαῖοι·
527 1665 707 1732 ἐπιστεῖλαι
727 1664 764 1732 δὲ
781 1677 851 1743 τοῖς
869 1664 1044 1752 ἀνδράσιν,

42 1768 109 1835 όταν
133 1775 173 1837 τὰ
200 1777 304 1839 πλείω
332 1784 389 1860 τῆς
416 1774 567 1861 γεφύρας
595 1778 684 1858 λυθῇ
711 1771 766 1838 καὶ
788 1775 896 1858 βραχὺ
919 1773 957 1838 τὸ
981 1776 1046 1836 λει-

41 1878 172 1960 πόμενον
196 1871 219 1966 ᾖ
242 1878 352 1967 μέρος,
377 1879 504 1967 φράσαι
526 1880 610 1966 πρὸς
628 1879 732 1946 αὐτὸν
750 1882 899 1963 σημείοις
916 1874 1006 1942 τισὶν
1024 1875 1045 1960 ἦ
1060 1899 1085 1940 15

41 1994 124 2069 φωνῇ
152 1987 377 2076 γεγωνοτέρᾳ·
413 1990 454 2053 τά
483 1988 582 2053 λοιπά
612 1985 720 2070 λέγων
748 1985 852 2074 ἐαυτῷ
881 1988 1045 2071 μελησειν.

39 2087 118 2156 ταῦτ’
145 2094 442 2180 ἐπικελευσάμενος
473 2104 543 2170 τοῖς
576 2091 675 2159 δυσίν
707 2089 757 2160 ἐπ’
784 2093 886 2177 αὐτῆς
918 2092 1081 2159 ἵσταται2

40 2205 86 2278 τῆς
115 2201 266 2284 γεφύρας
291 2199 347 2267 καί
375 2212 443 2267 τῶν
471 2201 572 2285 ὁμόσε
599 2200 802 2286 χωρούντων
829 2198 889 2274 οὓς
915 2193 977 2282 μὲν
999 2204 1045 2284 τρό

20 2299 115 2385 λιξίφει
145 2310 273 2390 παίων,
307 2307 366 2385 οὓς
399 2304 436 2373 δὲ
467 2315 513 2395 τῷ
544 2313 659 2394 θυρεῷ
687 2304 894 2392 περιτρέπων
921 2304 1047 2379 πάντας

40 2407 194 2478 ἀνέστειλε
222 2417 302 2492 τοὺς
330 2414 540 2501 ὁρμησαντας
567 2412 620 2480 ἐπὶ
648 2415 710 2498 την
733 2412 898 2499 γέφυραν·
937 2407 1046 2476 οὐκέτι
1060 2431 1086 2471 ω

39 2517 91 2601 γάρ
114 2520 161 2596 είς
185 2530 298 2607 χεῖρας
320 2520 410 2609 αὐτῷ
433 2532 555 2608 χωρεῖν
579 2520 728 2604 ἐτόλμων
752 2520 787 2584 οί
808 2519 984 2594 διώκοντες
1003 2516 1047 2594 ῶς

38 2628 188 2708 μεμηνότι
218 2626 274 2692 καλ
300 2634 504 2694 θανατῶντι·
540 2626 596 2694 καὶ
619 2628 686 2711 άμα
709 2623 790 2692 οὐδὲ
813 2623 934 2714 ῥᾴδιον
957 2624 1046 2714 αύτῷ

39 2737 232 2812 προσελθεῖν
245 2734 397 2820 ὑπάρχον
411 2733 445 2813 ἐξ
459 2734 645 2818 εὐωνύμων
658 2729 720 2818 μὲν
735 2731 790 2798 καὶ
805 2731 923 2811 δεξιῶν
937 2734 1048 2816 ἔχοντι

38 2838 206 2925 πρόβλημα
236 2842 297 2906 τὸν
328 2843 493 2926 ποταμόν,
527 2841 563 2906 ἐκ
596 2837 633 2906 δὲ
664 2849 726 2905 τοῦ
758 2841 840 2905 κατὰ
866 2841 1048 2926 πρόσωπον

40 2941 141 3011 ὅπλων
174 2969 209 3013 τε
239 2945 295 3012 καί
323 2959 451 3034 νεκρῶν
481 2949 605 3034 σωρόν·
647 2941 718 3012 ἀλλ’
746 2949 883 3012 άπωθευ
911 2945 1048 3022 ἑστῶτες
1062 2963 1088 3004 ευ

40 3047 152 3136 ἀθρόοι
180 3057 317 3138 λόγχαις
341 3077 377 3120 τε
404 3053 459 3119 καὶ
487 3057 640 3130 σαυνίοις
661 3051 717 3117 καλ
741 3056 852 3130 λίθοις
874 3057 1048 3138 χειροπλη-

41 3283 68 3330 α
90 3205 305 3336 λλίλλίλοο
328 3208 1049 3347 έλλΐλλῗὲοέθλὲθλλῖλλπὲ.ΒΒλῖἶιξ

42 3353 69 3401 15
87 3352 173 3407 αὐτὸν
191 3353 270 3407 ABb
308 3347 409 3408 ἔαυτόν
428 3354 474 3408 Βε
527 3361 563 3409 20
582 3351 726 3408 ἀνέστελλε
747 3351 1048 3422 c.GrasbergerTe1s.

40 3417 147 3492 Herbip.
167 3441 193 3494 p.
209 3430 245 3479 24
317 3431 350 3479 21
370 3425 437 3498 γάρ]
457 3423 505 3495 ἀρ’
522 3441 544 3479 ο.
564 3423 710 3494 Kiessling
727 3423 772 3478 Pr.
791 3423 855 3478 Bas.
873 3441 901 3491 p.
919 3429 952 3477 14
1015 3429 1049 3476 22

39 3490 139 3549 ούτεΟ
175 3493 243 3550 οὐδὲ
262 3494 366 3550 Reiske
