2400 3912
461 238 628 287 -E-
991 226 1055 291 199

50 410 132 484 σφῶν
163 399 301 482 [αὐτῶν]
332 398 349 464 ὁ
378 401 579 484 στρατηγός,
612 394 786 480 λέγουσιν,
820 393 871 458 ὅτι
895 392 1056 475 κλίμακας

49 509 235 572 τεκταίνεται
257 504 313 572 καί
337 506 539 592 διαβάθρας·
572 506 659 572 ὅπου
683 499 716 570 δ’
744 501 860 576 αὐταῖς
876 501 933 567 καλ
953 505 1054 571 ὁπότε

48 613 146 698 μέλλοι
169 620 327 700 χρῆσθαι,
351 614 414 680 οὐκ
438 616 570 699 ἔφασαν
593 612 729 681 είιλέναι.
765 621 870 680 ταῦτα
896 618 1018 706 μαθὼν
1037 604 1093 678 65

48 719 214 806 Οὐαλέριος
238 719 431 787 ἀποστέλλει
452 723 514 788 τὸν
532 726 740 810 πρεσβευτήν
755 727 907 814 Λάρκιον
927 727 975 804 είς
993 724 1054 789 τὸν

46 827 144 913 ἕτερον
173 828 300 915 χάρακα
328 832 390 914 τήν
420 851 455 896 τε
484 829 639 896 ὐιάνοιαν
667 841 735 898 τῶν
758 837 928 920 πολεμίων
951 832 1083 915 ἀπαγ-5

45 940 194 1016 γελοῦντα
216 943 263 1024 τῷ
286 935 458 1022 κατέχοντι
481 937 543 1021 τήν
568 940 784 1024 παρεμβολήν
808 940 942 1025 έκείνην
966 944 1057 1005 Λου-

46 1045 168 1130 κρητίφ,
190 1039 246 1107 καλ
269 1045 345 1108 τίνα
368 1044 431 1129 χρὴ
455 1045 582 1128 τρόπον
601 1044 779 1133 ἐπιχειρεῖν
798 1057 868 1124 τοῖς
886 1047 1058 1130 πολεμίοις

45 1148 305 1234 ὑποθησόμενον·
330 1149 430 1227 αὐτὸς
449 1147 486 1216 δέ
505 1154 584 1229 τοὺς
602 1151 802 1237 ταξιάρχους
820 1151 876 1219 καὶ
891 1154 1057 1237 λοχαγοὺς

44 1253 171 1333 καλέσας
198 1253 254 1320 καὶ
282 1255 414 1341 φράσας
442 1257 504 1321 ὅσα
532 1266 593 1322 τοῦ
620 1254 651 1323 τ’
683 1258 874 1344 αὐτομόλου
902 1257 959 1324 καλ
987 1268 1056 1323 τῶν

45 1363 249 1446 αἰχμαλώτων
272 1362 397 1445 ήκουσε
419 1361 475 1428 καλ
497 1355 729 1450 παρακαλέσας
752 1367 879 1452 ἀνδρας
902 1364 1054 1449 ἀγαθοὺς
1069 1374 1096 1414 1⁰

44 1465 118 1534 εἶναι
139 1469 259 1555 καιρὸν
283 1467 457 1553 εἰληφέναι
479 1473 683 1555 νομίσαντας
708 1472 807 1557 εὐχῆς
830 1468 943 1554 ἀξιον,
968 1470 1005 1536 έν
1029 1460 1056 1557 ςύ

44 1577 126 1652 δίκας
152 1577 318 1660 λήψονται
345 1578 435 1661 παρὰ
461 1586 530 1642 τῶν
557 1577 691 1664 ἐχθρῶν
719 1578 837 1662 καλάς,
873 1579 895 1643 ά
921 1600 957 1642 τε
986 1574 1057 1641 ὐέοι
1117 1583 1120 1592 “

42 1683 187 1766 πράττειν
220 1680 370 1760 ἑκάστοις
396 1681 607 1768 ὑποθέμενος
638 1683 695 1750 καὶ
725 1686 763 1750 τὸ
792 1686 951 1770 σύνθημα
975 1684 1058 1760 όοὺς

43 1788 196 1856 ἀπέλυσεν
219 1787 273 1856 ἐπὶ
296 1791 354 1866 τάς
376 1787 496 1867 τάξεις.
523 1825 529 1834 -

16 1909 40 1958 41
99 1895 267 1962 XXXXII.
305 1895 407 1962 Οὐπω
440 1892 537 1980 μέσαι
569 1895 686 1973 νύκτες
718 1891 820 1981 ήσαν,
851 1894 906 1961 καλ
943 1895 960 1961 ὁ
990 1905 1058 1961 των
1073 1912 1098 1953 15

42 2007 192 2088 Σαβίνων
214 2002 348 2087 ἡγεμὼν
368 2002 556 2086 ἀναστήσας
574 2011 636 2068 τοῦ
657 2013 801 2085 στρατοῦ
819 2004 857 2069 τὸ
876 2003 1057 2090 κράτιστον

42 2110 133 2196 μέρος
153 2107 235 2195 ήγεν
258 2109 312 2176 ἐπὶ
335 2110 396 2175 τὸν
413 2109 541 2195 χάρακα
560 2118 690 2176 σιωπᾶν
709 2111 812 2175 άπασι
830 2111 1057 2196 παραγγείλας

42 2217 91 2282 καλ
113 2218 156 2303 μή
179 2227 289 2282 ποιεῖν
312 2218 428 2299 ψόφον
446 2225 516 2281 τῶν
534 2215 658 2300 ὅπλων,
683 2215 740 2281 ἵνα
758 2217 801 2301 μή
822 2227 937 2299 γνοῖεν
956 2216 1059 2299 ήκον-

42 2347 94 2401 τας
112 2324 233 2400 αὐτοὺς
251 2323 287 2389 οί
302 2320 466 2412 πολέμιοι,
489 2321 570 2409 πρὶν
590 2320 643 2388 ἐπὶ
660 2329 706 2410 τῷ
727 2322 864 2408 έρύματι
878 2319 1056 2404 γένωνται.

43 2431 82 2508 ὡς
101 2429 136 2497 δέ
153 2433 296 2515 πλησίον
316 2427 471 2514 έγένοντο
489 2438 551 2495 τοῦ
569 2428 713 2515 χάρακος
727 2429 763 2494 οί
774 2439 900 2516 πρῶτοι
913 2431 1056 2515 πορευό-
1071 2449 1098 2488 ιο

43 2562 131 2620 μενοι
156 2535 211 2604 καλ
239 2537 317 2602 οὐτε
341 2534 448 2621 φέγγη
473 2538 676 2622 λαμπτήρων
699 2534 813 2623 ἑώρων
838 2537 914 2602 οὔτε
938 2536 1059 2622 φωνάς

44 2631 196 2728 φυλάκων
227 2648 432 2729 κατήκουον,
469 2645 598 2728 πολλήν
630 2646 761 2730 μωρίαν
792 2654 860 2709 τῶν
887 2640 1060 2730 Ῥωμαίων

43 2755 254 2836 καταγνόντες
282 2753 326 2830 ὡς
356 2750 544 2835 ἀφεικότων
573 2750 718 2837 ἐρήμους
745 2752 803 2828 τὰς
826 2754 980 2835 φυλακάς
1003 2752 1060 2819 καὶ

45 2850 130 2937 ἐντὸς
153 2863 241 2943 [τοῦ]
266 2859 410 2944 χάρακος
433 2859 684 2943 καθευδόντων,
708 2857 957 2942 ἐνεπίμπλασαν
976 2860 1059 2944 ὕλης

113 3094 126 3141 1
146 3097 226 3159 σφῶν
246 3089 339 3144 αὐτῶν
359 3091 388 3142 et
406 3088 431 3142 A
450 3091 479 3144 οὐ
496 3089 519 3142 Β
574 3095 591 3144 9
610 3089 787 3145 τεκταίνεται
805 3085 881 3141 ABb
914 3088 1061 3141 τετακταί-

50 3176 122 3212 νεται
138 3160 184 3213 Ba
253 3159 442 3230 3ἔφηοανΒ
506 3161 701 3233 λπρεσβύτην
721 3157 743 3213 0
762 3175 832 3214 corr.
851 3158 952 3212 Portus
990 3157 1061 3228 μάρ-

51 3232 137 3284 κονΑ
177 3229 340 3301 μάρκιονΒ
383 3229 499 3300 λάρκιον
523 3231 598 3302 Cmg
623 3234 652 3286 et
674 3231 775 3284 Portus
867 3229 1060 3299 θλοκριήήτίω

51 3297 93 3352 Ba
127 3304 262 3373 λοκρητίω
284 3302 331 3356 Bb
419 3309 452 3356 16
476 3303 637 3371 ἀναστήσας
658 3303 724 3364 τούς
748 3300 917 3371 στρατιώτας
939 3294 1008 3370 ήγεν
1032 3296 1060 3366 έξ

53 3371 184 3429 αὐτῶντὸ
204 3371 353 3445 κράτιστον
373 3371 456 3444 μέρος
470 3373 550 3428 ΑΟΙ)
607 3381 639 3429 18
659 3373 715 3427 ἀπὸ
734 3379 790 3428 τῶν
809 3371 901 3426 ὅπλων
920 3387 943 3428 ο,
959 3370 1063 3426 Reiske

55 3446 84 3494 19
99 3444 162 3514 πρὶν
181 3443 218 3499 ἀν
238 3463 260 3502 ο.
280 3444 429 3499 Baumann
448 3444 562 3500 observ.
583 3461 671 3513 gram.
691 3443 726 3497 do
745 3443 894 3496 modoruni
911 3459 964 3497 usu
982 3460 1010 3512 p.
1026 3449 1060 3498 4‘1

53 3516 85 3564 24
101 3509 173 3578 έντὸς
192 3516 214 3568 Β
253 3511 332 3578 έκτὸς
350 3516 375 3568 R
391 3519 395 3585 Ι
411 3524 460 3570 τοῦ
480 3515 534 3572 del.
554 3514 699 3584 Kiessling
714 3514 718 3587 λ
736 3509 926 3570 ένεπίπλασαν
946 3513 972 3567 Α
