2394 3912
136 162 202 230 384
564 167 725 219 -ς-

135 321 180 392 δι’
202 324 303 412 ὀργῆς
327 325 472 410 ἐχόντων
495 322 548 391 ἐπὶ
570 333 616 413 τῷ
640 325 788 410 μηθενὸς
810 335 878 389 τῶν
901 326 1045 409 μετρίων
1066 322 1135 406 παρ’

99 433 237 516 4αῦτῆς
259 434 447 517 τυγχάνειν,
472 437 599 517 μᾶλλον
623 431 642 516 ἢ
667 430 742 517 οὐχὶ
765 434 845 509 τοὺς
867 433 1009 508 αἰτίους·
1031 433 1139 514 πειρώ-

134 541 233 626 μενός
262 535 293 604 τ’
320 540 522 624 ἀποφαίνειν
551 541 657 626 βραχὺ
685 537 746 623 μὲν
773 539 926 624 ὑπάρχον
956 547 1018 603 τοῦ
1041 540 1138 622 δήμου

134 649 172 712 τὸ
195 648 239 732 μή
262 649 345 713 κατά
366 649 505 732 γνώμην
528 646 684 730 ἀδικοῦν,
711 646 778 712 ὑπὸ
802 643 839 711 δὲ
861 647 988 730 μήκους
1011 644 1139 730 ἀπορίας

109 751 390 837 ιήναγκασμένον
409 755 576 818 αἰτεῖσθαι
593 753 656 836 τήν
675 753 808 837 ἀφεσιν,
831 752 868 817 τὸ
888 748 925 817 δὲ
944 756 1059 818 πλεῖον
1072 752 1139 818 ἀκο

134 862 234 946 λασίᾳ
261 857 316 925 καὶ
343 860 440 946 ύβρει
464 857 519 924 καὶ
542 867 588 948 τῷ
611 856 689 926 καθ’
712 860 836 943 ήδονάς
860 861 918 942 ζήυ
942 857 1072 942 ἐφεικὸς
1092 857 1138 922 καὶ

136 963 179 1031 δι’
202 966 351 1052 ἁρπαγῆς
379 965 415 1032 ἐκ
439 977 507 1032 τῶν
530 966 715 1050 ἀλλοτρίων
737 965 915 1052 ὑπηρετεῖν
937 977 1011 1042 ταῖς
1032 965 1178 1030 ἐπιθυ-λλ.

135 1074 225 1157 μίαις
247 1071 570 1159 παρεσκευασμένον,
594 1074 832 1158 διακρίνεσθαί
852 1095 886 1138 τε
905 1073 1058 1157 οίύμενος
1076 1073 1138 1136 δεῖν

135 1178 199 1244 ἀπὸ
223 1190 291 1245 τῶν
314 1179 469 1246 ἐλεεινῶν
491 1181 532 1245 τὰ
554 1181 686 1265 πονηρὰ
707 1177 763 1245 καὶ
786 1179 850 1245 ἀπὸ
868 1190 936 1244 τῶν
955 1183 1139 1263 φιλανθρω-

95 1309 122 1350 10
135 1290 211 1363 πίας
243 1286 414 1371 δεομένων
445 1288 486 1353 τά
512 1289 631 1372 μίσους
658 1286 747 1369 ἀξια,
779 1284 836 1354 καὶ
857 1287 1031 1362 τοιούτους
1056 1286 1141 1360 τινὰς

137 1393 259 1471 ἀλλους
286 1394 530 1478 καθιστάμενος
553 1397 674 1478 λόγους
697 1393 836 1477 ἀληθείς
858 1393 935 1477 μέν,
964 1393 1025 1477 οὐχ
1048 1393 1142 1456 ἅπασι

137 1495 174 1564 δὲ
201 1511 272 1576 τοῖς
298 1500 460 1566 ἀκούουσι
487 1499 760 1586 κεχαρισμένους,
794 1500 856 1566 οὐκ
883 1502 1032 1583 ἔπειθεν,
1066 1499 1142 1564 ἀλλὰ

134 1611 243 1692 θροῦς
265 1602 309 1690 ἦν
332 1605 385 1691 ἐφ’
404 1605 528 1693 ἑκάστῳ
550 1608 655 1683 πολὺς
672 1604 728 1672 καὶ
746 1617 814 1672 τῶν
833 1602 895 1692 μὲν
913 1605 1143 1690 ἀγανακτήσεις

137 1713 181 1788 ὡς
205 1712 454 1798 ἐξαιμάττοντος
476 1714 534 1790 τάς
555 1714 672 1796 λύπας,
694 1707 814 1778 τῶνδ’
836 1712 1088 1798 ἐξομολογήσεις
1105 1714 1142 1789 ὡς

96 1837 123 1878 ιι
137 1815 237 1884 οὐδὲν
256 1829 323 1884 τῶν
342 1820 481 1904 ἀληθῶν
500 1819 811 1906 ἀποκρυπτομένου·
835 1823 971 1884 ἔλαττον
987 1816 1023 1884 δὲ
1037 1825 1142 1906 πολλῷ

135 1921 225 1990 τοῦτ’
242 1921 285 2008 ἦν
303 1925 451 2012 θατέρου
469 1928 507 1992 τὸ
527 1925 635 2013 μέρος,
655 1923 734 1992 ὥστ’
752 1927 955 2012 ἠφανίζοντο
972 1934 1018 2014 τῷ
1038 1931 1141 2012 πολλῷ

136 2029 191 2096 καὶ
213 2041 333 2119 περιῆν
356 2033 376 2116 ή
399 2043 460 2098 τοῦ
483 2011 751 2116 ἀγανακτοῦντος
773 2037 845 2118 βοή.

202 2138 367 2204 LXXXII.
398 2135 507 2222 Ὀλίγα
541 2137 577 2204 δὲ
609 2141 741 2216 τούτοις
772 2142 819 2205 ἔτι
851 2138 1064 2226 προσθέντος
1091 2149 1143 2204 τοῦ

136 2246 287 2330 Λαρκίου
316 2243 371 2310 καὶ
401 2255 459 2329 τῆς
486 2245 738 2324 ἐπαναστάσεως
765 2246 876 2313 αὐτῶν
903 2245 960 2312 καὶ
986 2255 1046 2330 τῆς
1073 2268 1143 2332 προ-

96 2371 122 2412 εο
135 2355 264 2430 πετείας
299 2363 367 2418 τῶν
403 2354 640 2438 βουλευμάτων
672 2351 914 2437 καθαψαμένου
946 2354 1143 2438 παραλαβὼν

135 2459 195 2522 τὸν
227 2461 330 2543 λόγον
362 2459 380 2524 ὁ
412 2468 473 2524 τοῦ
503 2461 612 2543 δήμου
639 2459 848 2546 προεστηκὼς
875 2461 949 2524 τότε
977 2463 1143 2535 Σικίννιος

56 2609 60 2616 ·
136 2567 183 2629 ἔτι
211 2571 338 2650 μᾶλλον
365 2565 524 2651 ἐτράχυνε
553 2567 610 2644 τάς
638 2565 740 2652 ὀργάς
761 2566 872 2632 αὐτῶν
895 2563 1018 2649 λέγων,
1050 2567 1095 2644 ὡς
1114 2565 1143 2630 εἰι

135 2673 264 2738 τούτων
292 2671 334 2737 ἀν
360 2673 519 2738 δύναιντο
543 2673 684 2757 μάλιστα
707 2681 774 2738 τῶν
797 2674 908 2756 λόγων
931 2681 1142 2757 καταμαθεῖν,

136 2769 204 2842 οἶαι
230 2777 322 2863 τιμαὶ
349 2777 404 2844 καὶ
431 2779 561 2865 χάριτες
585 2779 706 2856 αὐτούς
728 2777 949 2858 ὑποδέξονται
972 2782 1144 2845 κατελθόν-

95 2864 194 2979 Ξτας
224 2886 271 2963 εἰς
298 2887 360 2970 τὴν
387 2887 539 2969 πατρίδα·
586 2877 636 2962 οἷς
662 2887 727 2971 γὰρ
755 2885 792 2950 ἐν
820 2885 905 2970 ἀκμῇ
933 2897 1002 2951 τῶν
1032 2887 1179 2952 δεινῶνθ

137 2986 213 3057 οὖσι
236 2988 291 3056 καὶ
315 2990 486 3076 δεομένοις
508 3002 567 3076 τῆς
589 2992 678 3077 παρά
700 2999 761 3056 τοῦ
785 2992 894 3076 δήμου
917 2995 1083 3076 βοηθείας
1099 2988 1143 3057 καὶ

209 3221 242 3268 10
265 3216 408 3279 τοιούτους
432 3217 531 3280 ἀλλους
553 3218 632 3281 τινὰς
656 3221 677 3272 Β
769 3224 803 3273 14
822 3214 1084 3292 έξ<αι>μάττοντος
1103 3217 1140 3272 Bb

138 3289 171 3336 16
190 3284 310 3353 θατερήή
326 3286 372 3338 Βα
408 3287 533 3358 θάτερον
551 3289 577 3341 R
612 3287 739 3360 θατέρου
759 3289 882 3360 Sylburg
955 3298 990 3347 19
1008 3292 1063 3362 τὴν
1080 3291 1138 3346 Ba*

137 3352 356 3486 ἐρανομτρίφρως
383 3372 406 3410 ο.
430 3357 530 3410 Portus
554 3359 588 3412 cf.
612 3359 662 3414 lib.
681 3361 748 3415 124
788 3355 990 3426 ἐπανατάσεως
1014 3380 1039 3418 c.
1065 3359 1142 3418 Cobet
