2394 3912
139 187 206 252 394
567 187 728 241 -ἷ-

140 350 237 426 δενδς
256 351 389 415 ἐσοντοιι
406 351 528 436 κύριοι,
549 359 620 428 τοῖς
639 344 670 415 δ’
687 347 920 436 ἀδικουμένοις
939 347 960 432 ἢ
980 365 1149 433 κατισχυο

139 454 252 540 μένοις
278 466 346 521 τῶν
374 457 528 541 δημοτῶν
555 458 767 540 βοηθήσουσι
791 453 846 522 καὶ
870 455 911 521 οὐ
935 460 1149 540 περιόψονται

137 573 206 628 τῶν
225 564 364 628 δικαίων
381 562 671 650 ἀποστερούμενον
685 563 828 629 οὐθένα·
851 571 950 627 τοῦτο
965 563 1053 646 ὑμᾶς
1066 561 1149 626 ἀντι-

139 670 304 753 βολοῦμεν
326 667 381 734 καὶ
404 671 551 754 δεόμεθα
573 671 656 756 πρὸς
677 680 748 747 τοῖς
771 671 884 746 ἀλλοις
907 662 958 746 οἷς
978 669 1148 751 δεδώκατε,

111 776 170 840 σεί
187 776 231 859 μὴ
250 778 361 860 λόγος,
379 773 451 841 ἀλλ’
473 779 573 863 ἔργον
592 775 677 842 είσὶν
696 777 734 842 αί
749 777 936 860 διαλλαγαί,
961 776 1082 842 δοῦναι
1099 775 1147 841 καὶ

138 885 350 967 χαρίσασθαι.

205 987 418 1053 LXXXVIII.
444 982 479 1052 ‘0
501 985 563 1072 μὲν
586 983 649 1054 οὖν
673 990 777 1073 δῆμος
799 989 844 1066 ὡς
865 989 996 1053 τούτων
1019 989 1145 1072 ἤκουσε,

138 1094 263 1178 μεγάλῃ
287 1097 350 1178 βοῇ
372 1091 428 1159 καί
451 1093 545 1180 μέχρι
565 1101 693 1161 πολλοῦ
710 1095 893 1180 κατεχούσῃ
911 1097 972 1159 τόν
990 1117 1027 1158 τε
1046 1095 1146 1179 ἀνδρα

139 1198 268 1285 ἐπῄνει,
299 1198 356 1265 καὶ
386 1202 466 1278 τοὺς
496 1204 700 1286 πρεσβευτὰς
730 1201 907 1287 παρεκάλει
939 1210 1145 1286 συγχωρῆσαι

98 1325 125 1364 1⁰
139 1308 236 1390 σφίσι
262 1304 318 1372 καὶ
344 1315 452 1372 τοῦτο.
498 1307 534 1373 οί
558 1304 596 1373 δὲ
618 1307 772 1393 πρέσβεις
795 1307 1014 1390 μεταστάντες
1038 1307 1073 1372 ἐκ
1094 1318 1146 1390 τῆς

139 1411 310 1495 ἐκκλησίας
328 1411 384 1478 καὶ
402 1412 633 1498 διαλεχθέντες
652 1414 747 1497 ὀλίγα
765 1415 848 1498 πρὸς
866 1413 1032 1498 ἀλλήλους
1048 1423 1146 1498 παρῆ-

138 1534 202 1583 σαν
230 1518 272 1584 οὐ
298 1521 354 1584 διδι
376 1528 512 1606 μακροῦ.
558 1530 683 1604 σιωπῆς
706 1517 744 1586 δὲ
766 1519 949 1605 γενομένης
971 1521 1194 1605 παρελθὼνιιι

138 1625 156 1692 δ
180 1629 351 1710 Μενήνιος
378 1621 461 1693 εἷπε·
497 1627 543 1692 Τδ
571 1624 633 1711 μὲν
655 1636 803 1712 πρᾶγμα,
832 1623 859 1692 ὦ
884 1629 1041 1712 δημόται,
1068 1626 1146 1711 μέγα

138 1729 193 1796 καὶ
211 1737 345 1798 πολλῶν
365 1735 486 1817 μεστὸν
499 1733 655 1812 ὑποψιῶν
669 1731 815 1798 ἀτόπων·
839 1733 914 1810 δέος
927 1757 963 1798 τε
976 1731 1033 1798 καὶ
1047 1757 1146 1819 φρον-

99 1853 124 1894 15
138 1834 188 1912 τίς
209 1837 295 1922 ἡμᾶς
318 1837 508 1924 εἰσέρχεται,
530 1842 575 1924 μή
596 1862 675 1904 ποτε
694 1840 756 1905 δύο
775 1843 886 1916 πόλεις
903 1841 1096 1924 ποιήσωμεν
1114 1838 1145 1904 ἐν

138 1951 211 2030 μιᾷ·
243 1945 331 2028 πλὴν
353 1949 391 2011 τό
414 1943 444 2029 γ’
468 1943 520 2030 ἐφ’
542 1945 622 2030 ἡμίν
645 1941 731 2012 εἶναι
754 1945 853 2031 μέρος
874 1943 955 2011 οὐδὲ
972 1947 1056 2030 πρὸς
1073 1945 1145 2010 ταύ-

99 2051 200 2134 2την
236 2050 480 2136 ἐναντιούμεθα
510 2052 572 2135 την
605 2050 721 2136 δέησιν
752 2052 856 2136 ὑμῶν.
905 2061 1005 2117 τοῦτο
1037 2049 1146 2135 μέντοι

138 2159 323 2241 χαρίσασθε
350 2155 445 2242 ἡμῖν,
474 2156 492 2221 ὃ
519 2154 575 2221 καὶ
597 2153 681 2242 ὑπὲρ
703 2156 798 2240 ὑμῶν
821 2155 926 2222 ἐστιν·
958 2155 1144 2242 ἐπιτρέψατε

137 2273 205 2328 τῶν
232 2266 444 2349 πρεσβευτῶν
466 2279 555 2328 τισιν
577 2265 625 2339 είς
646 2263 708 2346 τὴν
731 2264 830 2328 πόλιν
853 2262 1070 2347 ἀφικομένοις
1093 2265 1145 2347 δη-

97 2388 124 2428 εο
139 2375 243 2434 λῶσαι
265 2377 304 2454 τῇ
327 2372 433 2454 βουλῇ
456 2377 571 2434 ταῦτα·
603 2367 658 2434 καὶ
680 2370 744 2454 γὰρ
768 2371 799 2434 εί
814 2371 876 2452 τὴν
895 2369 1049 2446 ἐξουσίαν
1067 2367 1140 2454 παρ’

138 2476 240 2559 αὐτῆς
267 2479 400 2560 ἔχομεν,
430 2477 519 2554 ὅπως
545 2474 587 2540 ἀν
614 2475 831 2560 βουλώμεθα,
858 2475 1064 2559 ποιήσασθαι
1092 2477 1144 2552 τὰς

138 2584 317 2666 διαλλαγὰς
341 2582 580 2667 αὐτοκράτορες
604 2583 696 2657 ὄντες
718 2593 786 2647 τῶν
803 2581 1030 2666 ὑποσχέσεων,
1052 2584 1146 2650 αὐτοί

137 2687 178 2774 γέ
202 2712 254 2754 τοι
279 2692 394 2772 λαβεῖν
416 2683 507 2755 τοῦτ’
528 2689 569 2754 οὐ
593 2690 802 2773 δικαιοῦμεν,
830 2684 905 2754 ἀλλ’
924 2689 1038 2775 ἐπειδὴ
1060 2694 1143 2776 παρὰ

138 2795 240 2874 δόξαν
262 2794 342 2880 ἡμῖν
366 2795 548 2879 ἀπήντηται
565 2804 699 2880 πρᾶγμα
717 2797 845 2878 καινόν,
869 2795 1071 2881 ἀφελόμενοι
1087 2799 1143 2882 την

95 2921 122 2964 ει
138 2905 229 2969 ίδίαν
265 2901 419 2980 ἐξουσίαν
451 2909 496 2988 τῷ
529 2903 694 2988 συνεδρίῳ
727 2902 886 2986 φέροντες
918 2901 1141 2989 ἀναθήσομεν·

136 3013 342 3095 πεπείσμεθα
374 3007 488 3093 μέντοι
514 3003 655 3096 κᾴκείνῳ
682 3008 786 3073 ταύτὰ
814 3008 924 3087 δόξειν
951 3011 1034 3095 ἅπερ
1061 3011 1141 3095 ἡμῖν.

137 3117 200 3200 ἐγὼ
224 3113 286 3201 μὲν
310 3109 373 3180 οὖν
396 3115 520 3180 ἐνθάδε
543 3124 631 3197 μενῶ
654 3112 709 3178 καί
733 3116 797 3178 σὺν
820 3114 896 3199 ἐμοί
915 3138 947 3179 τι
971 3112 1071 3201 μέρος
1091 3127 1141 3202 τῆς

136 3223 323 3303 πρεσβείας,
348 3219 530 3304 Οὐαλέριος
552 3217 589 3284 δὲ
611 3209 808 3305 πορέύσεται
830 3218 885 3286 καὶ
904 3221 939 3286 οί
954 3220 1066 3287 λοιποὶ
1083 3227 1140 3288 σὺν

209 3379 225 3426 3
253 3371 477 3443 ἀποστερόμενον
499 3373 643 3444 KIessling
734 3384 767 3433 15
791 3373 822 3432 ἐκ
845 3385 910 3446 μιᾶς
933 3395 956 3432 ο.
977 3377 1066 3434 Cobet
1083 3380 1140 3436 Obs.

137 3458 164 3506 p.
186 3447 235 3492 121
308 3449 342 3496 26
360 3451 449 3497 ταῦτα
469 3444 490 3496 0
510 3459 579 3498 corr.
599 3445 721 3516 Sylburg
793 3453 827 3502 28
845 3449 997 3519 πορεύεται
1015 3449 1038 3502 Β
