2400 3912
139 209 205 276 190
565 211 732 282 -E-

139 395 238 457 μενος
265 370 370 456 ἀρχὴν
396 368 453 436 καὶ
481 380 601 458 μικροῦ
626 371 746 454 δεήσας
768 370 830 452 τήν
852 369 952 432 πόλιν
974 365 1075 449 ἑλεῖν,
1104 364 1151 430 ἐ-

139 479 270 562 θούσης
296 487 367 555 τοϊς
391 473 577 564 Ἀρικηνοῖς
606 476 798 562 ἐπικουρίας
826 477 863 539 ἐκ
888 471 920 539 τ’
944 467 1074 538 Ἀντίου
1100 469 1151 536 καὶ

145 585 298 651 Τύσκλου
324 582 380 651 καλ
402 592 460 668 τῆς
481 584 702 669 Καμπανίδος
725 582 856 666 Κύμης,
888 578 1151 665 παραταξάμενος

142 690 292 757 ἐλάττονι
316 691 457 775 δυνάμει
479 691 562 775 πρὸς
585 693 719 774 μείζονα
741 691 821 765 τοὺς
843 684 905 772 μὲν
928 689 1050 763 ἀλλους
1069 685 1152 771 ἐτρέ-

117 808 225 876 οψατο
249 796 305 864 καλ
328 796 424 884 μέχρι
446 806 504 881 τῆς
526 799 654 873 πόλεως
675 797 810 880 ήλασεν,
833 794 900 859 ὑπὸ
924 789 962 858 δὲ
982 779 1151 877 Κυμαίων,

140 904 200 982 οὓς
221 899 303 988 ήγεν
321 901 559 990 Ἀριστόδημος
582 901 601 970 ό
624 903 787 978 Μαλακὸς
809 900 1085 984 ἐπικαλούμενος,
1107 925 1152 965 νι-

140 1007 257 1094 κηθεὶς
280 1008 497 1093 ἀποθνήσκει,
519 1007 613 1094 καλή
634 1009 771 1096 στρατιά
788 1017 856 1072 τῶν
874 1011 1060 1093 Τυρρηνῶν
1079 1009 1153 1091 μετά

105 1119 125 1200 3
140 1116 211 1208 τήν
226 1116 356 1182 ἐκείνου
373 1117 531 1201 τελευτήν
550 1116 661 1182 οὐκέτι
678 1116 887 1201 ὑπομείνασα
904 1112 1058 1200 τρέπεται
1076 1115 1183 1198 πρδςλλῡ

141 1225 263 1308 φυγήν.
307 1221 427 1289 πολλοὶ
458 1219 520 1308 μὲν
552 1224 594 1308 δή
627 1223 739 1288 αὐτῶν
771 1223 971 1305 διωκόμενοι
996 1219 1064 1285 ὑπὸ
1089 1229 1153 1284 τῶν

106 1353 131 1391 10
140 1332 304 1414 Κυμαίων
323 1329 569 1415 διεφθάρησαν,
594 1331 690 1394 ἀλλοι
708 1325 745 1393 δὲ
763 1329 899 1404 πλείους
917 1324 1155 1403 σκεδασθέντες

20 1457 22 1464 ’
142 1435 206 1502 ἀνά
223 1437 285 1520 τήν
303 1436 416 1522 χώραν
435 1437 482 1512 είς
500 1437 579 1512 τοὺς
597 1435 723 1520 ἀγροὺς
739 1446 807 1501 τῶν
822 1431 993 1518 Ῥωμαίων
1012 1433 1054 1498 ού
1072 1436 1153 1499 πολὺ

73 1589 74 1596 1
141 1541 324 1628 ἀπέχοντας
349 1540 540 1627 κατέφυγον
567 1542 653 1608 ὅπλα
679 1536 712 1607 τ’
742 1541 986 1617 ἀπολωλεκότες
1012 1538 1069 1605 καὶ
1093 1539 1152 1605 ὑπὸ

141 1650 340 1734 τραυμάτων
370 1648 533 1714 ἀδύνατοι
564 1649 658 1726 ὄντες
687 1647 754 1730 [ἐπὶ
782 1649 837 1730 τά]
865 1645 1067 1734 προσωτέρω
1096 1670 1154 1732 χω

97 1767 100 1775 “
143 1765 223 1839 ρείν.
271 1755 331 1831 οὓς
357 1755 394 1820 ἐκ
419 1766 492 1844 τῶν
515 1755 628 1842 ἀγρῶν
657 1756 693 1821 οί
708 1751 865 1839 Ῥωμαῖοι
886 1756 1154 1838 κατακομίζοντες

107 1862 191 1937 ιεείς
216 1861 277 1944 τήν
299 1863 398 1926 πόλιν
416 1861 555 1947 ἀμάξαις
576 1884 612 1927 τε
634 1858 691 1927 καὶ
713 1860 855 1945 ἀπήναις
876 1858 933 1926 καὶ
954 1869 1025 1937 τοίς
1048 1861 1155 1936 ἀλλοις

143 1966 335 2051 ὑποζυγίοις
366 1968 553 2054 ἡμιθνῆτας
585 1969 712 2052 ἐνίους,
744 1965 800 2034 καὶ
832 1964 994 2055 φέροντες
1024 1969 1074 2044 είς
1104 1969 1154 2043 τὰς

144 2071 271 2140 ἑαυτῶν
294 2076 401 2152 οἰκίας
423 2084 564 2160 τροφαῖς
586 2099 621 2141 τε
643 2073 699 2141 καὶ
721 2078 918 2160 θεραπείαις
940 2071 1087 2152 καὶτοῖς
1105 2075 1155 2138 ἀλ-

143 2185 216 2258 λαις
244 2184 515 2268 φιλανθρωπίαις
541 2185 628 2248 πολὺ
650 2184 688 2247 τὸ
712 2179 887 2267 συμπαθὲς
910 2182 1065 2266 ἐχούσαις
1086 2181 1154 2246 ἀνε-

143 2288 328 2372 λάμβανον·
366 2289 449 2354 ὥστε
476 2291 622 2366 πολλοὺς
649 2289 761 2355 αὐτῶν
787 2299 860 2365 ταίς
887 2288 1000 2374 χάρισι
1025 2289 1154 2364 ταύταις

107 2391 354 2478 εοὺπαχθέντας
382 2392 496 2478 μηκέτι
523 2403 582 2478 τής
610 2397 723 2462 οίκαδε
751 2394 894 2479 ἀφίξεως
921 2397 1035 2461 πόθον
1063 2397 1151 2479 ἐχειν,

107 2501 128 2564 4
144 2497 227 2563 ἀλλά
244 2501 333 2584 παρὰ
350 2510 422 2576 τοῖς
439 2500 626 2587 εὐεργέταις
640 2511 738 2586 σφῶν
751 2502 937 2586 βούλεσθαι
950 2499 1152 2586 καταμένειν·

144 2595 194 2679 οἷς
204 2601 357 2689 ἐδωκενή
369 2607 474 2691 βουλή
485 2618 596 2692 χῶρον
604 2617 663 2692 τής
672 2611 809 2690 πόλεως,
820 2611 906 2674 ἔνθα
915 2609 1062 2692 οἰκήσεις
1070 2609 1151 2692 ἐμελ-

144 2713 206 2774 λον
228 2713 551 2797 κατασκευάσασθαι,
574 2714 634 2779 τὸν
653 2714 774 2798 μεταξὺ
793 2722 854 2779 τοῦ
867 2736 901 2780 τε
916 2717 1091 2780 Παλατίου
1104 2709 1179 2777 uam

143 2824 204 2882 τοῦ
232 2819 445 2884 Καπιτωλίου
475 2819 626 2905 τέτταρσι
654 2822 795 2905 μάλιστα
818 2825 1058 2906 μηκυνόμενον
1085 2837 1150 2885 στα·

108 2924 230 3000 εεδίοις
257 2924 408 3007 αὐλῶνα,
436 2923 472 3001 ὃς
499 2923 554 2990 καὶ
577 2925 691 3014 μέχρις
717 2928 799 3013 ἐμοῦ
824 2929 1012 3015 Τυρρηνῶν
1036 2934 1151 3011 οἴκησις

191 3123 249 3197 ¹11
269 3115 326 3171 ἀνὰ
344 3116 395 3185 τὴν
414 3117 508 3187 χώραν
527 3118 634 3175 αδδΒ
688 3128 722 3176 13
741 3117 809 3176 *ἐπὶ
827 3121 863 3175 τὰ
875 3119 1081 3191 προςωτέρωΟ
1115 3115 1148 3171 ἔτι

144 3187 263 3240 arficulo
282 3186 318 3240 τὰ
336 3187 430 3241 δεΙελο
450 3205 472 3240 ο.
487 3188 631 3262 Kiessling
668 3189 716 3246 ἐτιλ
733 3192 769 3246 τδι
787 3191 866 3246 uncis
885 3191 990 3246 seclusi
1045 3199 1077 3246 16
1094 3188 1147 3258 ἡμι-

145 3259 255 3340 θνῆτας
278 3255 361 3318 ὄντας
383 3274 406 3312 ο.
425 3257 570 3330 Kiessh'ng
605 3263 766 3332 ἡμιθνῆτας
789 3261 817 3318 δ’
840 3259 933 3326 ἐνίους
956 3262 1007 3317 καλ
1025 3262 1146 3332 φέροντες

147 3323 326 3408 03thhelor
358 3397 360 3404 ,
391 3334 422 3381 17
442 3327 493 3395 τήν
512 3328 607 3387 οἰκίαν
626 3333 649 3387 Ο
668 3349 737 3387 corr.
756 3333 864 3388 Portus'
917 3340 953 3387 20
971 3332 1065 3388 πόθεν
1083 3331 1146 3384 ΑΒο

147 3395 242 3444 ποθον
262 3409 296 3446 ex
314 3396 463 3482 δήήσποτον
481 3398 528 3451 Bb
610 3410 644 3458 22
662 3404 777 3474 *χώραν
796 3403 819 3458 Ο
856 3411 960 3475 μοῖραν
979 3422 1003 3458 ο.
1021 3401 1147 3458 Bfioheler

149 3464 184 3510 23
203 3469 465 3519 κατασκευάσεσθαι
483 3484 506 3521 ο.
526 3471 628 3527 Garrer
646 3474 711 3528 Oba,
729 3493 757 3542 p,
776 3481 811 3529 26
901 3482 937 3530 25
956 3477 1069 3530 αὐλῶνα
1086 3469 1145 3534 5ςο
