2400 3912
145 184 209 248 144
572 187 736 238 -Ε-

142 345 197 411 καὶ
229 347 333 424 θεοὺς
362 346 581 431 ὀμωμόκαμεν
610 345 753 424 ἅπαντες
780 342 857 431 μήτ’
885 342 981 412 αὐτοὶ
1008 343 1144 424 κατάξειν

142 456 221 531 τοὺς
247 453 435 539 τυράννους
464 450 548 537 μηδὲ
574 463 644 532 τοῖς
671 455 875 538 κατάγουσιν
898 449 1095 539 ἐπιτρέψειν·
1123 454 1145 517 εί

144 559 184 626 δέ
203 581 295 635 τινος
318 560 422 624 άλλου
442 559 559 625 δεῖσθε
576 570 645 626 τῶν
663 562 817 647 μετρίων,
840 559 862 625 δ
880 561 925 646 μὴ
944 561 1060 644 νόμοις
1076 555 1141 642 μηδ’

144 669 257 754 ὅρκοις
278 666 498 750 κεκωλύμεθα
521 667 622 753 δρῦν,
649 664 769 750 λέγετε.
815 669 896 752 μετδι
917 674 1017 734 τοῦτο
1040 670 1143 751 παρελ-

108 762 331 888 2θόντεςί
295 798 313 840 ο
357 771 512 860 πρέσβεις
541 770 691 857 λέγουσι
728 774 828 860 Παρδι
859 772 960 852 δόξαν
990 769 1052 858 μὲν
1079 771 1145 857 ἡμῖν

122 848 328 965 5οἰπύντιχται
345 882 386 945 τά
403 889 531 967 πρῶτα·
554 881 841 966 πρεσβευσάμενοι
858 882 923 966 γάρ
941 875 1026 963 ὑπὲρ
1040 878 1145 964 άνδρδς

145 985 256 1052 ἱκέτου
282 988 385 1070 λόγον
412 987 493 1071 ὑμῖν
522 986 682 1071 ὑποσχεῖν
709 986 883 1066 ἀξιοῦντος
907 985 1015 1052 καὶ
985 1010 1023 1052 το
1046 987 1145 1052 κοινὸν

146 1092 303 1159 ἁπάντων
327 1094 459 1158 δίκαιον
482 1094 530 1170 είς
554 1094 644 1159 ίδίοιν
667 1095 860 1178 αίτούμενοι
882 1093 982 1180 χάριν
1006 1117 1048 1160 ου
1036 1094 1146 1158 ’δεδυ-

145 1202 277 1284 νήμεθα
295 1200 418 1265 τούτου
435 1210 563 1286 τυχεῖν·
593 1198 664 1266 ἐπεὶ
687 1197 718 1265 δ’
737 1201 843 1278 ούτως
861 1201 942 1286 ὑμῖν
961 1201 1064 1283 δοκεῖ,
1085 1195 1146 1282 περὶ

110 1344 137 1384 10
146 1303 207 1391 μὲν
238 1308 374 1372 εἰσόδου
401 1309 597 1394 Ταρκυνίων
626 1303 728 1372 οὐδέν
755 1310 804 1373 ἔτι
832 1312 1055 1394 λιπαροῦμεν,
1081 1326 1147 1389 προ-

144 1415 340 1499 καλούμεθα
364 1411 394 1478 δ’
412 1413 498 1499 ὑμᾶς
521 1415 569 1492 είς
592 1412 706 1500 ἕτερόν
724 1437 757 1479 τι
775 1415 918 1498 δίκαιον,
942 1409 1027 1500 ὑπὲρ
1047 1406 1086 1477 οὗ
1101 1412 1178 1487 τδιςλιν

146 1521 282 1599 ἐντολάς
304 1522 384 1606 ἡμῖν
407 1521 531 1587 ἔδωκεν
554 1520 575 1604 ἡ
599 1521 727 1606 πατρίς,
753 1517 810 1586 καὶ
833 1520 910 1586 οῦτε
932 1521 1038 1605 νόμος
1059 1518 1077 1584 ό
1098 1543 1147 1583 ιιω

146 1630 259 1694 λύσων
283 1628 364 1694 αύτδ
387 1637 496 1694 ποιεῖν
518 1628 604 1713 ὑμᾶς
626 1627 718 1694 ἐστιν
741 1623 819 1693 οὔθ’
847 1626 955 1713 ὅρκος,
979 1626 1147 1692 ἀποδοῦναι

146 1742 192 1821 τῷ
216 1738 349 1819 βασιλεῖ
368 1735 430 1819 τὴν
454 1733 585 1817 οὐσίαν,
608 1733 651 1817 ἣν
675 1733 693 1799 ό
716 1733 849 1811 πάππος
871 1733 977 1798 αὐτοῦ
1000 1733 1147 1819 πρότερον

113 1873 138 1915 15
148 1840 298 1925 ἐκέκτητο
323 1838 429 1907 ούθέν
447 1851 516 1906 τῶν
533 1839 702 1927 ὑμετέρων
715 1840 799 1940 ,ούτε
817 1842 875 1927 βίᾳ
892 1840 1068 1924 κατασχὼν
1085 1839 1148 1904 οὔτε

148 1947 273 2033 λάθρα,
306 1950 395 2034 παρά
427 1944 465 2012 δὲ
495 1954 558 2014 τοῦ
586 1947 711 2032 πατρὸς
737 1946 973 2031 διαδεξάμενος
999 1943 1148 2032 καὶπρὸς
1183 2027 1184 2032 ¹

148 2053 233 2138 ὑμᾶς
260 2052 463 2138 μετενέγκας.
505 2052 632 2138 άπόχρη
659 2052 724 2136 γάρ
750 2052 840 2140 αὐτῷ
862 2054 904 2118 τά
927 2051 1049 2120 ἑαυτοῦ
1070 2076 1149 2137 κομι-

148 2158 280 2249 σαμένῳ
310 2163 367 2244 ξῦν
390 2156 535 2246 ἑτέρωθί
553 2179 619 2224 που
643 2160 812 2245 μακαρίως
834 2156 946 2244 μηθὲν
970 2159 1149 2245 ἐνοχλοῦντι

113 2267 237 2352 3ύμῖν.
277 2275 415 2332 τοιαῦτα
438 2262 500 2350 μὲν
523 2264 559 2330 οί
578 2262 732 2351 πρέσβεις
755 2263 989 2350 διαλεχθέντες
1007 2264 1149 2350 ἐξῆλθον·

111 2384 215 2448 ςοτῶν
252 2370 283 2439 δ’
313 2374 451 2440 ὑπάτων
483 2375 633 2457 Βροῦτος
669 2368 731 2456 μὲν
762 2371 912 2457 κατέχειν
942 2373 984 2438 τά
1016 2375 1150 2460 χρήματα

149 2481 393 2564 συνεβούλευσε
414 2480 573 2564 τιμωρίας
594 2495 630 2543 τε
652 2478 750 2562 χάριν
775 2476 853 2544 ἀνθ’
877 2473 925 2544 ὧν
948 2480 984 2544 οί
1003 2481 1150 2566 τύραννοι

148 2589 186 2652 τὸ
214 2588 330 2653 κοινὸν
357 2586 521 2670 ἠδίκησαν
547 2589 682 2650 πολλῶν
705 2585 814 2650 όντων
836 2584 892 2651 καλ
913 2586 1082 2670 μεγάλων,
1106 2581 1151 2650 καί
1181 2619 1182 2670 3

148 2701 209 2757 τοῦ
229 2692 459 2780 συμφέροντος
476 2690 600 2775 ἕνεκεν,
623 2691 680 2757 ἵνα
698 2692 743 2777 μὴ
759 2688 883 2776 γίνοιτ’
899 2693 1015 2770 αὐτοῖς
1029 2691 1149 2779 ἀφορμὴ

149 2800 232 2885 πρὸς
253 2801 314 2866 τὸν
336 2801 492 2884 πόλεμον,
516 2799 685 2864 διδάσκων
709 2800 753 2876 ὡς
772 2799 834 2866 ούκ
852 2799 1064 2886 ἀγαπήσουσι
1080 2803 1150 2882 Ταρ-
1180 2867 1181 2874 χ

112 2909 260 2978 εεκύνιοι
277 2908 336 2984 τδις
354 2906 471 2983 οὐσίας
489 2904 714 2989 ἀπολαβόντες
732 2900 806 2972 οὐδ’
822 2907 1054 2991 ὑπομενοῦσιν
1074 2904 1150 2970 ίδιό-

148 3038 211 3098 την
233 3017 310 3098 βίον
335 3016 403 3097 ζῆν,
426 3012 510 3078 ἀλλὰ
532 3015 679 3096 πόλεμον
702 3011 859 3092 ἐπάξουσι
872 3010 1046 3098 Ῥωμαίοις
1068 3012 1149 3078 ἄλλο

151 3125 234 3203 εθνῆ
267 3115 323 3182 καὶ
349 3118 563 3204 πειράσονται
590 3120 648 3206 βίᾳ
674 3123 849 3185 κατελθεῖν
877 3117 931 3184 ἐπὶ
957 3120 1020 3204 τὴν
1049 3118 1148 3203 ἀρχήν·
1179 3149 1180 3152 ’

117 3227 358 3299 4Κολλατῖνος
380 3220 417 3288 δὲ
440 3222 599 3289 τάναντία
621 3221 762 3311 παρῄνει
784 3223 948 3310 λέγων,
930 3251 976 3304 ως
999 3221 1144 3292 οὐδὲν
1117 3245 1148 3288 τα

228 3373 331 3441 Ιμηδέ
349 3377 400 3430 ΑΒ
437 3397 490 3445 μητ
467 3377 548 3432 τεΙδ
613 3379 702 3450 θμήτ
687 3400 716 3436 τε
735 3379 832 3451 νόμοις
849 3379 918 3452 μητε
936 3380 1074 3452 ὅρκοιςΑ
1123 3382 1148 3430 10

155 3459 260 3510 τνννννννν
227 3444 306 3495 νννονί
324 3443 347 3494 Β
417 3445 619 3515 23γένοιτοο
