2400 3912
455 227 619 278 -E—
984 223 1048 288 151

45 403 113 452 νασι
138 395 198 451 τοῦ
224 388 324 450 θείου
351 387 618 472 προσπίπτουσιν
645 387 691 464 ὡς
714 383 757 452 δι’
782 385 913 452 ἐκείνου
937 393 1051 470 σωθη-

45 495 177 578 σόμενοι.
218 492 436 570 κελεύσαντος
460 489 497 558 δὲ
514 502 576 560 τοῦ
589 494 743 580 Βρούτου
761 504 832 571 τοῖς
850 492 1052 580 ῥαβδούχοις

44 599 187 664 ἀποσπᾶν
210 598 333 676 αὐτοὺς
355 595 411 664 καὶ
434 598 574 683 ἀπάγειν
597 597 651 666 ἐπὶ
673 600 733 666 τὸν
755 599 924 683 θάνατον,
953 601 984 665 εί
1005 601 1049 685 μὴ

43 705 211 788 βούλοιντο
239 704 530 789 ἀπολογήσασθαι,
562 705 853 793 μικρὸν-ἐπισχεῖν
874 717 944 783 τοῖς
965 706 1049 790 ὑκη-

43 810 140 898 ρίταις
167 811 186 877 ὁ
210 814 419 890 Καλλατῖνος
446 813 566 895 εἰπών,
594 811 656 891 ἕως
683 821 729 901 τῷ
754 813 956 898 συνάρχοντι
980 812 1076 878 δια-ε

42 923 149 1004 λεχθῇ,
181 919 296 1003 λαβὼν
318 919 379 983 τὸν
402 919 510 1003 ἀνδρα
532 921 721 1003 καταμόνας
742 919 868 995 πολλὰς
890 915 1049 996 ἐξέτεινεν

42 1021 113 1110 ὑπὲρ
140 1035 209 1091 τῶν
238 1026 419 1110 μειρακίων
447 1025 589 1109 διήσεις·
625 1026 666 1090 τά
693 1020 755 1110 μὲν
780 1024 1050 1109 ἀπολογούμενος

42 1131 79 1208 ὡς
107 1132 163 1197 διά
190 1133 349 1215 νεότητος
375 1132 495 1198 ἀνοιαν
521 1129 578 1196 καὶ
604 1132 754 1218 πονηρὰς
781 1134 892 1216 φίλων
920 1130 1050 1215 ὁμιλίας

42 1239 80 1314 είς
112 1237 241 1321 ταύτην
277 1235 490 1321 ἐμπεσόντων
524 1238 587 1322 τήν
623 1237 905 1324 φρενοβλάβειαν,
941 1237 982 1301 τά
1012 1233 1050 1301 δε

41 1349 232 1430 παρακαλῶν
260 1343 366 1434 ἑαιπςό
394 1347 598 1430 χαρίσασθαι
624 1345 683 1422 τάς
709 1345 818 1429 ψυχὰς
838 1353 907 1408 τῶν
929 1360 1089 1427 evm-10

12 1462 100 1518 λῖίνῖτν
121 1455 204 1538 μίαν
228 1450 413 1540 αἰτουμένῳ
437 1451 562 1536 ταύτην
585 1451 647 1535 τήν
671 1451 802 1536 δωρεὰν
823 1448 878 1515 καλ
898 1447 972 1535 περὶ
992 1449 1084 1518 οδε-3

43 1560 125 1636 δενὸς
157 1561 209 1624 ἔτι
241 1556 357 1644 ἑτέρου
384 1557 614 1643 ἐνοχλήσοντι,
646 1559 687 1623 τὰ
715 1554 753 1622 δὲ
782 1557 965 1639 διδάσκων,
998 1555 1050 1621 ότι

44 1672 307 1752 συνταραχθῆναι
329 1666 489 1742 κίνδυνος
507 1666 590 1749 όλήν
610 1666 673 1749 τήν
691 1667 801 1748 πόλιν,
824 1663 884 1730 ἐὰν
902 1664 1050 1740 ἅπαντας

43 1770 221 1857 ἐπιχειρῶσι
242 1771 380 1858 θανάτῳ
401 1775 539 1856 ζημιοῦν
556 1773 635 1848 τοὺς
654 1767 813 1849 δόξαντάς
830 1794 863 1856 τι
882 1769 1049 1856 συμπράτ-

41 1901 100 1943 τειν
126 1889 201 1954 τοῖς
230 1877 379 1962 φυγάσιν
408 1873 492 1962 ὑπὲρ
521 1878 579 1962 τής
607 1878 775 1943 καθόδου·
810 1880 956 1955 πολλοὺς
984 1878 1048 1962 γὰρ
1064 1897 1090 1938 τε

42 1979 188 2051 εἶναικαὶ
211 1983 273 2050 οὐκ
290 1983 428 2069 ἀσήμων
447 1986 563 2050 οίιιιῶν
582 1983 702 2061 ἐνίους.
734 1985 779 2062 ὡς
797 1982 829 2050 δ’
847 1985 910 2051 οὐκ
924 1987 1048 2066 ἔπειθε,

40 2096 193 2158 τελευτῶν
217 2089 314 2174 ήξίου
336 2092 381 2175 μή
404 2091 566 2174 θάνατον,
591 2090 675 2156 ἀλλὰ
693 2094 830 2176 μετρίαν
847 2089 918 2158 κατ’
939 2091 1050 2156 αὐτῶν

41 2197 139 2282 ὁρίσαι
166 2201 325 2281 κόλασιν,
356 2199 481 2264 ἀτοπον
504 2192 591 2263 εἶναι
614 2197 722 2280 λέγων
743 2200 823 2274 τοὺς
844 2194 906 2282 μὲν
928 2197 1049 2282 τυράν-

39 2329 109 2383 νους
135 2316 264 2390 φυγαῖς
292 2304 510 2389 ἐζημιῶσθαι,
538 2307 618 2381 τοὺς
645 2299 682 2369 δὲ
704 2314 771 2369 τῶν
794 2305 970 2389 τυράννων
993 2307 1049 2388 φί-

41 2416 108 2489 λους
124 2412 276 2500 θανάτῳ.
309 2409 541 2495 ἀντιλέγοντος
560 2407 597 2476 δδ
615 2409 671 2476 καὶ
689 2412 772 2496 πρὸς
789 2411 852 2493 τήν
870 2407 1047 2475 ἐπιείκειαν
1062 2429 1089 2469 ιο

39 2528 87 2602 τῆς
107 2520 278 2596 κολάσεως
299 2528 361 2584 τοῦ
384 2519 508 2604 ἀνδρὸς
530 2517 585 2585 καὶ
609 2515 682 2584 οὐδ’
706 2519 753 2596 είς
774 2515 907 2604 ἑτέρους
925 2516 1048 2600 ἀναβα-

40 2622 149 2692 λέσθαι
177 2629 324 2712 χρόνους
350 2626 408 2702 τὰς
434 2629 560 2710 κρίσεις
582 2636 650 2691 τῶν
673 2625 710 2690 ἐν
733 2635 805 2702 ταῖς
828 2627 948 2701 αἰτίαις
970 2627 1049 2707 βου·

41 2731 189 2816 λομένου·
226 2734 401 2798 τελευταία
422 2733 486 2818 γάρ
510 2732 592 2816 αὕτη
611 2741 673 2797 τοῦ
692 2731 918 2817 συνάρχοντος
937 2729 1049 2814 δέησις

40 2833 87 2919 ήν·
122 2837 195 2905 ἀλλ’
219 2839 415 2925 αὐθημερόν
442 2839 636 2905 ἀποκτενεῖν
663 2838 809 2914 ἅπαντας
832 2837 1049 2913 ἀπειλοῦντος

40 2943 86 3008 καὶ
108 2944 349 3031 διομνυμένου,
373 2945 552 3030 ἀδημονῶν
576 2944 594 3010 ὁ
617 2947 823 3020 Κολλατῖνος
846 2940 898 3008 ἐπὶ
920 2951 966 3030 τῷ
988 2965 1048 3027 μή-
1062 2963 1088 3002 ετ
1135 2995 1137 2997 .

41 3051 128 3130 δενὸς
156 3048 205 3117 ὧν
233 3051 329 3136 ήξίου
354 3051 544 3135 τυγχάνειν,
577 3055 780 3136 Τοιγαροῦν,
809 3050 949 3132 ἔφησεν,
979 3046 1049 3114 ἐπεὶ

40 3160 146 3236 σκαιὸς
169 3153 201 3224 εί
220 3157 278 3224 καὶ
300 3160 416 3246 πικρὸς
440 3157 504 3242 ἐγὼ
526 3159 567 3223 τὰ
590 3156 744 3244 μειράκια
767 3155 973 3242 ἀφαιροῦμαι
991 3164 1049 3241 τής

103 3350 301 3421 8ἀγαοιανο
339 3351 441 3406 ἄνοιαν
461 3349 535 3406 Smit
553 3349 618 3404 obs.
637 3367 664 3419 p.
685 3355 720 3403 14
785 3354 816 3402 11
838 3347 1049 3421 ,αιτουμέυιμΒ

41 3417 379 3549 ὲλῧόνοχέήσρχτρωὲτεὲρου
397 3422 420 3476 Β
479 3429 510 3477 λδ
530 3417 635 3491 όνίους]
650 3415 776 3482 ἐκείνους
789 3419 835 3472 Ba
890 3427 924 3476 23
939 3419 1049 3488 δεήσεις
