<?xml version="1.0" encoding="UTF-8"?>
<!DOCTYPE html PUBLIC "-//W3C//DTD XHTML 1.0 Transitional//EN"
    "http://www.w3.org/TR/xhtml1/DTD/xhtml1-transitional.dtd">
<html xmlns="http://www.w3.org/1999/xhtml" xml:lang="en" lang="en">
 <head>
  <title>
</title>
<meta http-equiv="Content-Type" content="text/html;charset=utf-8" />
  <meta name='ocr-system' content='tesseract 3.04.00' />
  <meta name='ocr-capabilities' content='ocr_page ocr_carea ocr_par ocr_line ocrx_word'/>
</head>
<body>
  <div class='ocr_page' id='page_1' title='image "./antiquitatumrom01jacogoog_0236.png"; bbox 0 0 2384 3902; ppageno 0'>
   <div class='ocr_carea' id='block_1_1' title="bbox 443 215 607 265">
    <p class='ocr_par' dir='ltr' id='par_1_1' title="bbox 443 215 607 265">
     <span class='ocr_line' id='line_1_1' title="bbox 443 215 607 265; baseline 0.006 -13"><span class='ocrx_word' id='word_1_1' title='bbox 443 215 607 265; x_wconf 77' lang='lat' dir='ltr'><strong><em>-E-</em></strong></span> 
     </span>
    </p>
   </div>
   <div class='ocr_carea' id='block_1_2' title="bbox 9 369 1070 2272">
    <p class='ocr_par' dir='ltr' id='par_1_2' title="bbox 9 369 1070 2272">
     <span class='ocr_line' id='line_1_2' title="bbox 9 369 1035 461; baseline 0.003 -23"><span class='ocrx_word' id='word_1_2' title='bbox 9 375 101 450; x_wconf 76' lang='grc' dir='ltr'><strong><em>ιιτούς</em></strong></span> <span class='ocrx_word' id='word_1_3' title='bbox 131 369 169 438; x_wconf 72' lang='grc' dir='ltr'><strong><em>δὲ</em></strong></span> <span class='ocrx_word' id='word_1_4' title='bbox 201 377 423 458; x_wconf 80' lang='grc' dir='ltr'><strong><em>μετασχόντας</em></strong></span> <span class='ocrx_word' id='word_1_5' title='bbox 453 383 512 458; x_wconf 89' lang='grc' dir='ltr'><strong><em>τῆς</em></strong></span> <span class='ocrx_word' id='word_1_6' title='bbox 540 377 751 460; x_wconf 78' lang='grc' dir='ltr'><strong><em>συνωμοσίας</em></strong></span> <span class='ocrx_word' id='word_1_7' title='bbox 778 373 1035 461; x_wconf 75' lang='grc' dir='ltr'><strong><em>συλληφθέντας</em></strong></span> 
     </span>
     <span class='ocr_line' id='line_1_3' title="bbox 31 478 1070 571; baseline 0.004 -27"><span class='ocrx_word' id='word_1_8' title='bbox 31 480 221 564; x_wconf 73' lang='grc' dir='ltr'><strong><em>ἀποθανεῖν,</em></strong></span> <span class='ocrx_word' id='word_1_9' title='bbox 254 479 312 546; x_wconf 78' lang='grc' dir='ltr'><strong><em>ἐὰν</em></strong></span> <span class='ocrx_word' id='word_1_10' title='bbox 344 478 400 546; x_wconf 80' lang='grc' dir='ltr'><strong><em>καὶ</em></strong></span> <span class='ocrx_word' id='word_1_11' title='bbox 430 488 476 569; x_wconf 73' lang='grc' dir='ltr'><strong><em>τῷ</em></strong></span> <span class='ocrx_word' id='word_1_12' title='bbox 510 482 603 569; x_wconf 79' lang='grc' dir='ltr'><strong><em>θῆμςο</em></strong></span> <span class='ocrx_word' id='word_1_13' title='bbox 635 481 740 547; x_wconf 85' lang='grc' dir='ltr'><strong><em>ταύτὰ</em></strong></span> <span class='ocrx_word' id='word_1_14' title='bbox 772 483 864 571; x_wconf 79' lang='grc' dir='ltr'><strong><em>θοαῆ.</em></strong></span> <span class='ocrx_word' id='word_1_15' title='bbox 907 491 969 548; x_wconf 85' lang='grc' dir='ltr'><strong><em>τοῦ</em></strong></span> <span class='ocrx_word' id='word_1_16' title='bbox 996 479 1070 549; x_wconf 72' lang='grc' dir='ltr'><strong><em>θὲ4</em></strong></span> 
     </span>
     <span class='ocr_line' id='line_1_4' title="bbox 30 587 1033 674; baseline 0.002 -23"><span class='ocrx_word' id='word_1_17' title='bbox 30 588 302 674; x_wconf 86' lang='grc' dir='ltr'><strong><em>συνεληλυθότοςΙ</em></strong></span> <span class='ocrx_word' id='word_1_18' title='bbox 313 588 417 672; x_wconf 86' lang='grc' dir='ltr'><strong><em>ὄχλου</em></strong></span> <span class='ocrx_word' id='word_1_19' title='bbox 437 587 538 674; x_wconf 91' lang='grc' dir='ltr'><strong><em>κύρια</em></strong></span> <span class='ocrx_word' id='word_1_20' title='bbox 555 589 757 672; x_wconf 77' lang='grc' dir='ltr'><strong><em>ποιησαντος</em></strong></span> <span class='ocrx_word' id='word_1_21' title='bbox 775 590 814 654; x_wconf 78' lang='grc' dir='ltr'><strong><em>τὰ</em></strong></span> <span class='ocrx_word' id='word_1_22' title='bbox 834 588 976 669; x_wconf 74' lang='grc' dir='ltr'><strong><em>δόξαντα</em></strong></span> <span class='ocrx_word' id='word_1_23' title='bbox 993 597 1033 673; x_wconf 82' lang='grc' dir='ltr'><strong><em>τῆ</em></strong></span> 
     </span>
     <span class='ocr_line' id='line_1_5' title="bbox 30 693 1034 781; baseline 0.005 -24"><span class='ocrx_word' id='word_1_24' title='bbox 30 695 141 778; x_wconf 77' lang='grc' dir='ltr'><strong><em>βουλῆ,</em></strong></span> <span class='ocrx_word' id='word_1_25' title='bbox 175 701 376 777; x_wconf 76' lang='grc' dir='ltr'><strong><em>μεταστῆναι</em></strong></span> <span class='ocrx_word' id='word_1_26' title='bbox 405 694 620 772; x_wconf 78' lang='grc' dir='ltr'><strong><em>κελεύσαντες</em></strong></span> <span class='ocrx_word' id='word_1_27' title='bbox 652 693 689 760; x_wconf 80' lang='grc' dir='ltr'><strong><em>ἐκ</em></strong></span> <span class='ocrx_word' id='word_1_28' title='bbox 719 705 777 780; x_wconf 86' lang='grc' dir='ltr'><strong><em>τῆς</em></strong></span> <span class='ocrx_word' id='word_1_29' title='bbox 804 694 929 781; x_wconf 81' lang='grc' dir='ltr'><strong><em>ἀγορᾶς</em></strong></span> <span class='ocrx_word' id='word_1_30' title='bbox 954 699 1034 773; x_wconf 88' lang='grc' dir='ltr'><strong><em>τοὺς</em></strong></span> 
     </span>
     <span class='ocr_line' id='line_1_6' title="bbox 30 797 1055 885; baseline 0.003 -22"><span class='ocrx_word' id='word_1_31' title='bbox 30 797 75 864; x_wconf 77' lang='grc' dir='ltr'><strong><em>ἐπὶ</em></strong></span> <span class='ocrx_word' id='word_1_32' title='bbox 107 800 171 883; x_wconf 84' lang='grc' dir='ltr'><strong><em>τῆν</em></strong></span> <span class='ocrx_word' id='word_1_33' title='bbox 208 797 387 882; x_wconf 79' lang='grc' dir='ltr'><strong><em>ἐκκλησίαν</em></strong></span> <span class='ocrx_word' id='word_1_34' title='bbox 419 802 706 885; x_wconf 89' lang='grc' dir='ltr'><strong><em>συνεληλυθότας,</em></strong></span> <span class='ocrx_word' id='word_1_35' title='bbox 743 799 842 868; x_wconf 81' lang='grc' dir='ltr'><strong><em>ἔπειτ’</em></strong></span> <span class='ocrx_word' id='word_1_36' title='bbox 874 801 1055 868; x_wconf 81' lang='grc' dir='ltr'><strong><em>έκάλεσανε</em></strong></span> 
     </span>
     <span class='ocr_line' id='line_1_7' title="bbox 29 905 1033 994; baseline 0.005 -25"><span class='ocrx_word' id='word_1_37' title='bbox 29 908 98 982; x_wconf 85' lang='grc' dir='ltr'><strong><em>τοὺς</em></strong></span> <span class='ocrx_word' id='word_1_38' title='bbox 117 905 286 993; x_wconf 75' lang='grc' dir='ltr'><strong><em>ὑπηρέτας</em></strong></span> <span class='ocrx_word' id='word_1_39' title='bbox 308 908 445 992; x_wconf 75' lang='grc' dir='ltr'><strong><em>ἔχοντας</em></strong></span> <span class='ocrx_word' id='word_1_40' title='bbox 468 905 563 991; x_wconf 81' lang='grc' dir='ltr'><strong><em>ξίφη,</em></strong></span> <span class='ocrx_word' id='word_1_41' title='bbox 592 909 629 973; x_wconf 79' lang='grc' dir='ltr'><strong><em>οἳ</em></strong></span> <span class='ocrx_word' id='word_1_42' title='bbox 647 907 773 985; x_wconf 80' lang='grc' dir='ltr'><strong><em>πάντας</em></strong></span> <span class='ocrx_word' id='word_1_43' title='bbox 794 911 873 986; x_wconf 85' lang='grc' dir='ltr'><strong><em>τοὺς</em></strong></span> <span class='ocrx_word' id='word_1_44' title='bbox 896 908 1033 994; x_wconf 79' lang='grc' dir='ltr'><strong><em>ἐνόχους</em></strong></span> 
     </span>
     <span class='ocr_line' id='line_1_8' title="bbox 28 1004 1034 1104; baseline 0.004 -28"><span class='ocrx_word' id='word_1_45' title='bbox 28 1022 89 1089; x_wconf 78' lang='grc' dir='ltr'><strong><em>ταῖς</em></strong></span> <span class='ocrx_word' id='word_1_46' title='bbox 115 1014 239 1091; x_wconf 89' lang='grc' dir='ltr'><strong><em>αίτίαις</em></strong></span> <span class='ocrx_word' id='word_1_47' title='bbox 266 1012 304 1080; x_wconf 87' lang='grc' dir='ltr'><strong><em>έν</em></strong></span> <span class='ocrx_word' id='word_1_48' title='bbox 327 1004 354 1102; x_wconf 74' lang='grc' dir='ltr'><em>ᾧ</em></span> <span class='ocrx_word' id='word_1_49' title='bbox 378 1015 666 1098; x_wconf 84' lang='grc' dir='ltr'><strong><em>συνεκλείσθησαν</em></strong></span> <span class='ocrx_word' id='word_1_50' title='bbox 688 1016 800 1104; x_wconf 82' lang='grc' dir='ltr'><strong><em>χωρίφ</em></strong></span> <span class='ocrx_word' id='word_1_51' title='bbox 822 1015 1034 1102; x_wconf 77' lang='grc' dir='ltr'><strong><em>περιστάντες</em></strong></span> 
     </span>
     <span class='ocr_line' id='line_1_9' title="bbox 27 1117 1034 1210; baseline 0.005 -26"><span class='ocrx_word' id='word_1_52' title='bbox 27 1122 276 1205; x_wconf 88' lang='grc' dir='ltr'><strong><em>κατεφόνευσαν.</em></strong></span> <span class='ocrx_word' id='word_1_53' title='bbox 313 1120 573 1208; x_wconf 76' lang='grc' dir='ltr'><strong><em>διαχρησάμενοι</em></strong></span> <span class='ocrx_word' id='word_1_54' title='bbox 596 1117 634 1186; x_wconf 71' lang='grc' dir='ltr'><strong><em>δὲ</em></strong></span> <span class='ocrx_word' id='word_1_55' title='bbox 656 1121 797 1199; x_wconf 85' lang='grc' dir='ltr'><strong><em>τούτους</em></strong></span> <span class='ocrx_word' id='word_1_56' title='bbox 818 1120 929 1188; x_wconf 82' lang='grc' dir='ltr'><strong><em>οὐκέτι</em></strong></span> <span class='ocrx_word' id='word_1_57' title='bbox 951 1144 1034 1210; x_wconf 88' lang='grc' dir='ltr'><strong><em>παρ-</em></strong></span> 
     </span>
     <span class='ocr_line' id='line_1_10' title="bbox 27 1223 1034 1312; baseline 0.004 -22"><span class='ocrx_word' id='word_1_58' title='bbox 27 1223 174 1306; x_wconf 76' lang='grc' dir='ltr'><strong><em>εδέξαντο</em></strong></span> <span class='ocrx_word' id='word_1_59' title='bbox 204 1231 350 1312; x_wconf 80' lang='grc' dir='ltr'><strong><em>μήνυσιν</em></strong></span> <span class='ocrx_word' id='word_1_60' title='bbox 381 1226 542 1312; x_wconf 76' lang='grc' dir='ltr'><strong><em>οὐδεμίαν</em></strong></span> <span class='ocrx_word' id='word_1_61' title='bbox 568 1225 639 1293; x_wconf 90' lang='grc' dir='ltr'><strong><em>κατ’</em></strong></span> <span class='ocrx_word' id='word_1_62' title='bbox 667 1227 810 1306; x_wconf 89' lang='grc' dir='ltr'><strong><em>υύθενὸς</em></strong></span> <span class='ocrx_word' id='word_1_63' title='bbox 835 1239 904 1294; x_wconf 82' lang='grc' dir='ltr'><strong><em>τῶν</em></strong></span> <span class='ocrx_word' id='word_1_64' title='bbox 931 1229 1034 1294; x_wconf 82' lang='grc' dir='ltr'><strong><em>ταύτὰ</em></strong></span> 
     </span>
     <span class='ocr_line' id='line_1_11' title="bbox 28 1332 1069 1420; baseline 0 -22"><span class='ocrx_word' id='word_1_65' title='bbox 28 1332 310 1418; x_wconf 80' lang='grc' dir='ltr'><strong><em>βουλευσαμένων,</em></strong></span> <span class='ocrx_word' id='word_1_66' title='bbox 335 1333 419 1399; x_wconf 76' lang='grc' dir='ltr'><strong><em>ἀλλὰ</em></strong></span> <span class='ocrx_word' id='word_1_67' title='bbox 438 1334 565 1411; x_wconf 79' lang='grc' dir='ltr'><strong><em>πάντας</em></strong></span> <span class='ocrx_word' id='word_1_68' title='bbox 582 1333 716 1419; x_wconf 78' lang='grc' dir='ltr'><strong><em>ἀφῆκαν</em></strong></span> <span class='ocrx_word' id='word_1_69' title='bbox 733 1344 801 1400; x_wconf 77' lang='grc' dir='ltr'><strong><em>τῶν</em></strong></span> <span class='ocrx_word' id='word_1_70' title='bbox 818 1336 1033 1420; x_wconf 69' lang='grc' dir='ltr'><strong><em>ἐγκλημάτων</em></strong></span> <span class='ocrx_word' id='word_1_71' title='bbox 1043 1359 1069 1399; x_wconf 82' lang='grc' dir='ltr'><strong><em>ιο</em></strong></span> 
     </span>
     <span class='ocr_line' id='line_1_12' title="bbox 29 1438 1033 1527; baseline 0.003 -23"><span class='ocrx_word' id='word_1_72' title='bbox 29 1441 98 1517; x_wconf 84' lang='grc' dir='ltr'><strong><em>τοὺς</em></strong></span> <span class='ocrx_word' id='word_1_73' title='bbox 129 1441 361 1524; x_wconf 76' lang='grc' dir='ltr'><strong><em>διαφυγόντας</em></strong></span> <span class='ocrx_word' id='word_1_74' title='bbox 390 1439 452 1523; x_wconf 85' lang='grc' dir='ltr'><strong><em>τῆν</em></strong></span> <span class='ocrx_word' id='word_1_75' title='bbox 484 1438 522 1505; x_wconf 85' lang='grc' dir='ltr'><strong><em>έκ</em></strong></span> <span class='ocrx_word' id='word_1_76' title='bbox 551 1441 662 1527; x_wconf 87' lang='grc' dir='ltr'><strong><em>χειρὸς</em></strong></span> <span class='ocrx_word' id='word_1_77' title='bbox 693 1442 846 1526; x_wconf 81' lang='grc' dir='ltr'><strong><em>κόλασιν,</em></strong></span> <span class='ocrx_word' id='word_1_78' title='bbox 878 1443 935 1508; x_wconf 80' lang='grc' dir='ltr'><strong><em>ἵνα</em></strong></span> <span class='ocrx_word' id='word_1_79' title='bbox 966 1451 1033 1508; x_wconf 79' lang='grc' dir='ltr'><strong><em>πᾶν</em></strong></span> 
     </span>
     <span class='ocr_line' id='line_1_13' title="bbox 27 1544 1068 1634; baseline 0.004 -23"><span class='ocrx_word' id='word_1_80' title='bbox 27 1544 176 1632; x_wconf 74' lang='grc' dir='ltr'><strong><em>ἐξαιρεθῇ</em></strong></span> <span class='ocrx_word' id='word_1_81' title='bbox 207 1548 245 1612; x_wconf 89' lang='grc' dir='ltr'><strong><em>τὸ</em></strong></span> <span class='ocrx_word' id='word_1_82' title='bbox 277 1548 467 1634; x_wconf 74' lang='grc' dir='ltr'><strong><em>ταραχῶδες</em></strong></span> <span class='ocrx_word' id='word_1_83' title='bbox 498 1545 535 1612; x_wconf 86' lang='grc' dir='ltr'><strong><em>έκ</em></strong></span> <span class='ocrx_word' id='word_1_84' title='bbox 565 1555 624 1632; x_wconf 89' lang='grc' dir='ltr'><strong><em>τῆς</em></strong></span> <span class='ocrx_word' id='word_1_85' title='bbox 655 1550 790 1626; x_wconf 90' lang='grc' dir='ltr'><strong><em>πόλεως,</em></strong></span> <span class='ocrx_word' id='word_1_86' title='bbox 836 1548 870 1613; x_wconf 90' lang='grc' dir='ltr'><strong><em>οί</em></strong></span> <span class='ocrx_word' id='word_1_87' title='bbox 900 1544 962 1633; x_wconf 69' lang='grc' dir='ltr'><strong><em>μέν</em></strong></span> <span class='ocrx_word' id='word_1_88' title='bbox 990 1549 1068 1632; x_wconf 78' lang='grc' dir='ltr'><strong><em>όῆῦ</em></strong></span> 
     </span>
     <span class='ocr_line' id='line_1_14' title="bbox 27 1654 1033 1743; baseline 0.005 -27"><span class='ocrx_word' id='word_1_89' title='bbox 27 1656 243 1739; x_wconf 73' lang='grc' dir='ltr'><strong><em>συστήσαντες</em></strong></span> <span class='ocrx_word' id='word_1_90' title='bbox 268 1655 332 1738; x_wconf 85' lang='grc' dir='ltr'><strong><em>τῆν</em></strong></span> <span class='ocrx_word' id='word_1_91' title='bbox 355 1656 571 1739; x_wconf 84' lang='grc' dir='ltr'><strong><em>συνωμοσίαν</em></strong></span> <span class='ocrx_word' id='word_1_92' title='bbox 592 1654 734 1742; x_wconf 76' lang='grc' dir='ltr'><strong><em>τοιούτω</em></strong></span> <span class='ocrx_word' id='word_1_93' title='bbox 756 1656 869 1743; x_wconf 83' lang='grc' dir='ltr'><strong><em>τρόπφ</em></strong></span> <span class='ocrx_word' id='word_1_94' title='bbox 892 1655 1033 1741; x_wconf 74' lang='grc' dir='ltr'><strong><em>διεφθά-</em></strong></span> 
     </span>
     <span class='ocr_line' id='line_1_15' title="bbox 9 1757 1033 1847; baseline 0.006 -25"><span class='ocrx_word' id='word_1_95' title='bbox 9 1773 138 1844; x_wconf 79' lang='grc' dir='ltr'><strong><em>ορησαυ·</em></strong></span> <span class='ocrx_word' id='word_1_96' title='bbox 171 1760 193 1844; x_wconf 75' lang='grc' dir='ltr'><em>ἡ</em></span> <span class='ocrx_word' id='word_1_97' title='bbox 218 1757 256 1826; x_wconf 75' lang='grc' dir='ltr'><strong><em>δὲ</em></strong></span> <span class='ocrx_word' id='word_1_98' title='bbox 279 1761 385 1846; x_wconf 85' lang='grc' dir='ltr'><strong><em>βουλῆ</em></strong></span> <span class='ocrx_word' id='word_1_99' title='bbox 408 1767 626 1847; x_wconf 88' lang='grc' dir='ltr'><strong><em>καθαρθῆναι</em></strong></span> <span class='ocrx_word' id='word_1_100' title='bbox 643 1759 859 1846; x_wconf 80' lang='grc' dir='ltr'><strong><em>ψηφισαμένη</em></strong></span> <span class='ocrx_word' id='word_1_101' title='bbox 876 1764 957 1840; x_wconf 84' lang='grc' dir='ltr'><strong><em>τοὺς</em></strong></span> <span class='ocrx_word' id='word_1_102' title='bbox 973 1783 1033 1828; x_wconf 92' lang='grc' dir='ltr'><strong><em>πο-</em></strong></span> 
     </span>
     <span class='ocr_line' id='line_1_16' title="bbox 27 1865 1068 1953; baseline 0 -23"><span class='ocrx_word' id='word_1_103' title='bbox 27 1868 107 1944; x_wconf 91' lang='grc' dir='ltr'><strong><em>λίτας</em></strong></span> <span class='ocrx_word' id='word_1_104' title='bbox 137 1867 303 1951; x_wconf 76' lang='grc' dir='ltr'><strong><em>ἅπαντας,</em></strong></span> <span class='ocrx_word' id='word_1_105' title='bbox 336 1867 387 1933; x_wconf 85' lang='grc' dir='ltr'><strong><em>ότι</em></strong></span> <span class='ocrx_word' id='word_1_106' title='bbox 416 1865 535 1953; x_wconf 77' lang='grc' dir='ltr'><strong><em>(περὶ)</em></strong></span> <span class='ocrx_word' id='word_1_107' title='bbox 562 1872 735 1934; x_wconf 86' lang='grc' dir='ltr'><strong><em>πολιτικοῦ</em></strong></span> <span class='ocrx_word' id='word_1_108' title='bbox 762 1871 873 1952; x_wconf 91' lang='grc' dir='ltr'><strong><em>φόνου</em></strong></span> <span class='ocrx_word' id='word_1_109' title='bbox 900 1869 1033 1953; x_wconf 80' lang='grc' dir='ltr'><strong><em>γνώμας</em></strong></span> <span class='ocrx_word' id='word_1_110' title='bbox 1043 1889 1068 1931; x_wconf 80' lang='grc' dir='ltr'><strong><em>ιε</em></strong></span> 
     </span>
     <span class='ocr_line' id='line_1_17' title="bbox 27 1973 1034 2061; baseline 0.002 -23"><span class='ocrx_word' id='word_1_111' title='bbox 27 1973 281 2058; x_wconf 78' lang='grc' dir='ltr'><strong><em>ἠναγκάσθησαν</em></strong></span> <span class='ocrx_word' id='word_1_112' title='bbox 313 1974 569 2058; x_wconf 78' lang='grc' dir='ltr'><strong><em>ἀποδείξασθαι,</em></strong></span> <span class='ocrx_word' id='word_1_113' title='bbox 602 1973 648 2052; x_wconf 82' lang='grc' dir='ltr'><strong><em>ὧς</em></strong></span> <span class='ocrx_word' id='word_1_114' title='bbox 679 1975 721 2040; x_wconf 88' lang='grc' dir='ltr'><strong><em>ού</em></strong></span> <span class='ocrx_word' id='word_1_115' title='bbox 750 1976 891 2061; x_wconf 84' lang='grc' dir='ltr'><strong><em>θεμιτὸν</em></strong></span> <span class='ocrx_word' id='word_1_116' title='bbox 920 1975 1034 2053; x_wconf 78' lang='grc' dir='ltr'><strong><em>αὐτοῖς</em></strong></span> 
     </span>
     <span class='ocr_line' id='line_1_18' title="bbox 26 2076 1033 2170; baseline 0.002 -26"><span class='ocrx_word' id='word_1_117' title='bbox 26 2076 73 2164; x_wconf 82' lang='grc' dir='ltr'><strong><em>ἐφ’</em></strong></span> <span class='ocrx_word' id='word_1_118' title='bbox 94 2082 167 2170; x_wconf 81' lang='grc' dir='ltr'><strong><em>ίερά</em></strong></span> <span class='ocrx_word' id='word_1_119' title='bbox 190 2092 347 2168; x_wconf 78' lang='grc' dir='ltr'><strong><em>παρεῖναι</em></strong></span> <span class='ocrx_word' id='word_1_120' title='bbox 368 2079 424 2147; x_wconf 82' lang='grc' dir='ltr'><strong><em>καὶ</em></strong></span> <span class='ocrx_word' id='word_1_121' title='bbox 441 2087 576 2148; x_wconf 80' lang='grc' dir='ltr'><strong><em>θυσιῶν</em></strong></span> <span class='ocrx_word' id='word_1_122' title='bbox 594 2081 829 2167; x_wconf 79' lang='grc' dir='ltr'><strong><em>κατάρχεσθαι,</em></strong></span> <span class='ocrx_word' id='word_1_123' title='bbox 851 2078 932 2166; x_wconf 80' lang='grc' dir='ltr'><strong><em>πρὶν</em></strong></span> <span class='ocrx_word' id='word_1_124' title='bbox 950 2081 1033 2166; x_wconf 80' lang='grc' dir='ltr'><strong><em>ἀφο-</em></strong></span> 
     </span>
     <span class='ocr_line' id='line_1_19' title="bbox 27 2185 1033 2272; baseline 0.003 -22"><span class='ocrx_word' id='word_1_125' title='bbox 27 2187 208 2253; x_wconf 81' lang='grc' dir='ltr'><strong><em>σιώσασθαι</em></strong></span> <span class='ocrx_word' id='word_1_126' title='bbox 239 2189 277 2254; x_wconf 87' lang='grc' dir='ltr'><strong><em>τὸ</em></strong></span> <span class='ocrx_word' id='word_1_127' title='bbox 305 2189 432 2272; x_wconf 81' lang='grc' dir='ltr'><strong><em>μίασμα</em></strong></span> <span class='ocrx_word' id='word_1_128' title='bbox 458 2185 514 2253; x_wconf 80' lang='grc' dir='ltr'><strong><em>καὶ</em></strong></span> <span class='ocrx_word' id='word_1_129' title='bbox 543 2187 605 2270; x_wconf 77' lang='grc' dir='ltr'><strong><em>τὴν</em></strong></span> <span class='ocrx_word' id='word_1_130' title='bbox 632 2188 811 2272; x_wconf 82' lang='grc' dir='ltr'><strong><em>συμφοράν</em></strong></span> <span class='ocrx_word' id='word_1_131' title='bbox 838 2192 937 2253; x_wconf 87' lang='grc' dir='ltr'><strong><em>λῦσαι</em></strong></span> <span class='ocrx_word' id='word_1_132' title='bbox 963 2198 1033 2265; x_wconf 83' lang='grc' dir='ltr'><strong><em>τοϊς</em></strong></span> 
     </span>
    </p>
   </div>
   <div class='ocr_carea' id='block_1_3' title="bbox 26 2288 1069 2912">
    <p class='ocr_par' dir='ltr' id='par_1_3' title="bbox 26 2288 1069 2912">
     <span class='ocr_line' id='line_1_20' title="bbox 26 2288 1031 2380; baseline 0.002 -24"><span class='ocrx_word' id='word_1_133' title='bbox 26 2294 156 2361; x_wconf 80' lang='grc' dir='ltr'><strong><em>εἰωθόσι</em></strong></span> <span class='ocrx_word' id='word_1_134' title='bbox 186 2300 388 2380; x_wconf 75' lang='grc' dir='ltr'><strong><em>καθαρμοῖς·</em></strong></span> <span class='ocrx_word' id='word_1_135' title='bbox 426 2293 539 2377; x_wconf 81' lang='grc' dir='ltr'><strong><em>έπειόῆ</em></strong></span> <span class='ocrx_word' id='word_1_136' title='bbox 569 2301 636 2358; x_wconf 83' lang='grc' dir='ltr'><strong><em>πᾶν</em></strong></span> <span class='ocrx_word' id='word_1_137' title='bbox 666 2293 747 2359; x_wconf 83' lang='grc' dir='ltr'><strong><em>ὅσον</em></strong></span> <span class='ocrx_word' id='word_1_138' title='bbox 774 2288 817 2377; x_wconf 82' lang='grc' dir='ltr'><strong><em>ῆν</em></strong></span> <span class='ocrx_word' id='word_1_139' title='bbox 844 2293 940 2359; x_wconf 80' lang='grc' dir='ltr'><strong><em>ὅσιον</em></strong></span> <span class='ocrx_word' id='word_1_140' title='bbox 966 2293 1031 2358; x_wconf 86' lang='grc' dir='ltr'><strong><em>ὑπὸ</em></strong></span> 
     </span>
     <span class='ocr_line' id='line_1_21' title="bbox 26 2398 1069 2486; baseline -0.001 -23"><span class='ocrx_word' id='word_1_141' title='bbox 26 2411 83 2466; x_wconf 83' lang='grc' dir='ltr'><strong><em>τῶν</em></strong></span> <span class='ocrx_word' id='word_1_142' title='bbox 112 2398 349 2486; x_wconf 77' lang='grc' dir='ltr'><strong><em>ἐξηγουμένων</em></strong></span> <span class='ocrx_word' id='word_1_143' title='bbox 375 2402 416 2466; x_wconf 85' lang='grc' dir='ltr'><strong><em>τά</em></strong></span> <span class='ocrx_word' id='word_1_144' title='bbox 438 2407 518 2466; x_wconf 75' lang='grc' dir='ltr'><strong><em>θεῖα</em></strong></span> <span class='ocrx_word' id='word_1_145' title='bbox 538 2400 622 2465; x_wconf 82' lang='grc' dir='ltr'><strong><em>κατὰ</em></strong></span> <span class='ocrx_word' id='word_1_146' title='bbox 643 2400 703 2465; x_wconf 86' lang='grc' dir='ltr'><strong><em>τὸν</em></strong></span> <span class='ocrx_word' id='word_1_147' title='bbox 726 2398 904 2485; x_wconf 78' lang='grc' dir='ltr'><strong><em>ἐπιχώριον</em></strong></span> <span class='ocrx_word' id='word_1_148' title='bbox 926 2401 1069 2485; x_wconf 82' lang='grc' dir='ltr'><strong><em>νόμοντο</em></strong></span> 
     </span>
     <span class='ocr_line' id='line_1_22' title="bbox 26 2503 1034 2594; baseline 0.002 -24"><span class='ocrx_word' id='word_1_149' title='bbox 26 2505 184 2594; x_wconf 79' lang='grc' dir='ltr'><strong><em>ἐπράχθη,</em></strong></span> <span class='ocrx_word' id='word_1_150' title='bbox 209 2509 334 2586; x_wconf 89' lang='grc' dir='ltr'><strong><em>θυσίας</em></strong></span> <span class='ocrx_word' id='word_1_151' title='bbox 356 2509 437 2593; x_wconf 86' lang='grc' dir='ltr'><strong><em>μετά</em></strong></span> <span class='ocrx_word' id='word_1_152' title='bbox 459 2515 558 2573; x_wconf 85' lang='grc' dir='ltr'><strong><em>τοῦτο</em></strong></span> <span class='ocrx_word' id='word_1_153' title='bbox 575 2508 811 2592; x_wconf 88' lang='grc' dir='ltr'><strong><em>χαριστηρίους</em></strong></span> <span class='ocrx_word' id='word_1_154' title='bbox 827 2503 884 2571; x_wconf 83' lang='grc' dir='ltr'><strong><em>καὶ</em></strong></span> <span class='ocrx_word' id='word_1_155' title='bbox 902 2505 1034 2590; x_wconf 78' lang='grc' dir='ltr'><strong><em>ἀγῶνας</em></strong></span> 
     </span>
     <span class='ocr_line' id='line_1_23' title="bbox 27 2610 1034 2700; baseline 0.003 -24"><span class='ocrx_word' id='word_1_156' title='bbox 27 2615 148 2699; x_wconf 78' lang='grc' dir='ltr'><strong><em>ἔκρινεν</em></strong></span> <span class='ocrx_word' id='word_1_157' title='bbox 183 2613 450 2698; x_wconf 74' lang='grc' dir='ltr'><strong><em>ἐπιτελεσθῆναι,</em></strong></span> <span class='ocrx_word' id='word_1_158' title='bbox 482 2611 538 2679; x_wconf 84' lang='grc' dir='ltr'><strong><em>καὶ</em></strong></span> <span class='ocrx_word' id='word_1_159' title='bbox 568 2623 657 2699; x_wconf 75' lang='grc' dir='ltr'><strong><em>τρεῖς</em></strong></span> <span class='ocrx_word' id='word_1_160' title='bbox 685 2610 809 2700; x_wconf 75' lang='grc' dir='ltr'><strong><em>ἡμέρας</em></strong></span> <span class='ocrx_word' id='word_1_161' title='bbox 836 2616 959 2697; x_wconf 83' lang='grc' dir='ltr'><strong><em>έθηκεν</em></strong></span> <span class='ocrx_word' id='word_1_162' title='bbox 986 2617 1034 2693; x_wconf 89' lang='grc' dir='ltr'><strong><em>είς</em></strong></span> 
     </span>
     <span class='ocr_line' id='line_1_24' title="bbox 28 2717 1034 2807; baseline 0.005 -25"><span class='ocrx_word' id='word_1_163' title='bbox 28 2729 122 2787; x_wconf 83' lang='grc' dir='ltr'><strong><em>ταῦτα</em></strong></span> <span class='ocrx_word' id='word_1_164' title='bbox 152 2721 251 2807; x_wconf 87' lang='grc' dir='ltr'><strong><em>ίεράς.</em></strong></span> <span class='ocrx_word' id='word_1_165' title='bbox 297 2723 437 2786; x_wconf 89' lang='grc' dir='ltr'><strong><em>Μανίου</em></strong></span> <span class='ocrx_word' id='word_1_166' title='bbox 461 2717 498 2785; x_wconf 73' lang='grc' dir='ltr'><strong><em>όὲ</em></strong></span> <span class='ocrx_word' id='word_1_167' title='bbox 524 2721 670 2785; x_wconf 90' lang='grc' dir='ltr'><strong><em>Τυλλίου</em></strong></span> <span class='ocrx_word' id='word_1_168' title='bbox 692 2717 839 2805; x_wconf 87' lang='grc' dir='ltr'><strong><em>θατέρου</em></strong></span> <span class='ocrx_word' id='word_1_169' title='bbox 861 2731 929 2786; x_wconf 80' lang='grc' dir='ltr'><strong><em>τῶν</em></strong></span> <span class='ocrx_word' id='word_1_170' title='bbox 950 2720 1034 2787; x_wconf 83' lang='grc' dir='ltr'><strong><em>ὑπά-</em></strong></span> 
     </span>
     <span class='ocr_line' id='line_1_25' title="bbox 27 2822 1033 2912; baseline 0.003 -22"><span class='ocrx_word' id='word_1_171' title='bbox 27 2848 84 2893; x_wconf 88' lang='grc' dir='ltr'><strong><em>των</em></strong></span> <span class='ocrx_word' id='word_1_172' title='bbox 111 2828 150 2895; x_wconf 85' lang='grc' dir='ltr'><strong><em>έν</em></strong></span> <span class='ocrx_word' id='word_1_173' title='bbox 176 2837 248 2904; x_wconf 81' lang='grc' dir='ltr'><strong><em>τοῖς</em></strong></span> <span class='ocrx_word' id='word_1_174' title='bbox 276 2827 378 2912; x_wconf 81' lang='grc' dir='ltr'><strong><em>ίεροίς</em></strong></span> <span class='ocrx_word' id='word_1_175' title='bbox 404 2822 460 2892; x_wconf 79' lang='grc' dir='ltr'><strong><em>καί</em></strong></span> <span class='ocrx_word' id='word_1_176' title='bbox 487 2823 674 2911; x_wconf 76' lang='grc' dir='ltr'><strong><em>ἐπωνύμοις</em></strong></span> <span class='ocrx_word' id='word_1_177' title='bbox 700 2833 758 2910; x_wconf 87' lang='grc' dir='ltr'><strong><em>τῆς</em></strong></span> <span class='ocrx_word' id='word_1_178' title='bbox 780 2827 906 2904; x_wconf 88' lang='grc' dir='ltr'><strong><em>πόλεως</em></strong></span> <span class='ocrx_word' id='word_1_179' title='bbox 929 2827 1033 2912; x_wconf 81' lang='grc' dir='ltr'><strong><em>ἀγῶσι</em></strong></span> 
     </span>
    </p>
   </div>
   <div class='ocr_carea' id='block_1_4' title="bbox 26 3053 1035 3554">
    <p class='ocr_par' dir='ltr' id='par_1_4' title="bbox 26 3053 1035 3554">
     <span class='ocr_line' id='line_1_26' title="bbox 91 3053 1034 3126; baseline -0.003 -15"><span class='ocrx_word' id='word_1_180' title='bbox 91 3057 176 3114; x_wconf 78' lang='grc' dir='ltr'><strong><em>1καὶ</em></strong></span> <span class='ocrx_word' id='word_1_181' title='bbox 195 3053 409 3126; x_wconf 82' lang='grc' dir='ltr'><strong><em>συλληφθέντας</em></strong></span> <span class='ocrx_word' id='word_1_182' title='bbox 427 3072 450 3111; x_wconf 91' lang='grc' dir='ltr'><strong><em>ο.</em></strong></span> <span class='ocrx_word' id='word_1_183' title='bbox 469 3053 614 3123; x_wconf 78' lang='lat' dir='ltr'>Kiessling</span> <span class='ocrx_word' id='word_1_184' title='bbox 668 3053 829 3109; x_wconf 70' lang='grc' dir='ltr'><strong><em>θταύταΟ</em></strong></span> <span class='ocrx_word' id='word_1_185' title='bbox 866 3053 955 3109; x_wconf 82' lang='grc' dir='ltr'><strong><em>ταύτὰ</em></strong></span> <span class='ocrx_word' id='word_1_186' title='bbox 972 3053 1034 3123; x_wconf 80' lang='lat' dir='ltr'>Syl-</span> 
     </span>
     <span class='ocr_line' id='line_1_27' title="bbox 26 3123 1032 3199; baseline 0 -19"><span class='ocrx_word' id='word_1_187' title='bbox 26 3124 90 3196; x_wconf 84' lang='lat' dir='ltr'>burg</span> <span class='ocrx_word' id='word_1_188' title='bbox 172 3124 255 3184; x_wconf 71' lang='grc' dir='ltr'><strong><em>λέπλ</em></strong></span> <span class='ocrx_word' id='word_1_189' title='bbox 274 3135 323 3197; x_wconf 88' lang='grc' dir='ltr'><strong><em>τῆς</em></strong></span> <span class='ocrx_word' id='word_1_190' title='bbox 340 3128 487 3199; x_wconf 80' lang='grc' dir='ltr'><strong><em>ἀγορᾶςΒ</em></strong></span> <span class='ocrx_word' id='word_1_191' title='bbox 570 3123 708 3188; x_wconf 83' lang='grc' dir='ltr'><strong><em>6πάντες</em></strong></span> <span class='ocrx_word' id='word_1_192' title='bbox 724 3125 750 3178; x_wconf 87' lang='grc' dir='ltr'><strong>Α</strong></span> <span class='ocrx_word' id='word_1_193' title='bbox 831 3125 902 3180; x_wconf 82' lang='grc' dir='ltr'><strong><em>9τὰ</em></strong></span> <span class='ocrx_word' id='word_1_194' title='bbox 919 3125 1032 3180; x_wconf 82' lang='grc' dir='ltr'><strong><em>αύτὰΒ</em></strong></span> 
     </span>
     <span class='ocr_line' id='line_1_28' title="bbox 29 3193 1034 3267; baseline 0.002 -18"><span class='ocrx_word' id='word_1_195' title='bbox 29 3203 56 3250; x_wconf 82' lang='grc'><strong><em>11</em></strong></span> <span class='ocrx_word' id='word_1_196' title='bbox 75 3200 122 3254; x_wconf 77' lang='grc' dir='ltr'><strong><em>ἵνα</em></strong></span> <span class='ocrx_word' id='word_1_197' title='bbox 141 3199 220 3256; x_wconf 78' lang='grc' dir='ltr'><strong><em>ἅπαν</em></strong></span> <span class='ocrx_word' id='word_1_198' title='bbox 238 3198 292 3252; x_wconf 81' lang='lat' dir='ltr'><strong><em>AB</em></strong></span> <span class='ocrx_word' id='word_1_199' title='bbox 357 3204 390 3254; x_wconf 78' lang='lat'><strong><em>12</em></strong></span> <span class='ocrx_word' id='word_1_200' title='bbox 408 3198 440 3253; x_wconf 83' lang='grc' dir='ltr'><strong><em>τὸ</em></strong></span> <span class='ocrx_word' id='word_1_201' title='bbox 460 3193 492 3252; x_wconf 75' lang='grc' dir='ltr'><strong><em>ἐκ</em></strong></span> <span class='ocrx_word' id='word_1_202' title='bbox 510 3204 559 3267; x_wconf 90' lang='grc' dir='ltr'><strong><em>τῆς</em></strong></span> <span class='ocrx_word' id='word_1_203' title='bbox 576 3195 683 3260; x_wconf 83' lang='grc' dir='ltr'><strong><em>πόλεως</em></strong></span> <span class='ocrx_word' id='word_1_204' title='bbox 700 3199 861 3267; x_wconf 76' lang='grc' dir='ltr'><strong><em>ταραχῶδες</em></strong></span> <span class='ocrx_word' id='word_1_205' title='bbox 879 3195 902 3250; x_wconf 93' lang='lat'>0</span> <span class='ocrx_word' id='word_1_206' title='bbox 921 3198 1034 3267; x_wconf 73' lang='lat' dir='ltr'>praeter</span> 
     </span>
     <span class='ocr_line' id='line_1_29' title="bbox 28 3266 1035 3360; baseline -0.001 -35"><span class='ocrx_word' id='word_1_207' title='bbox 28 3268 47 3320; x_wconf 87' lang='lat' dir='ltr'><strong>B</strong></span> <span class='ocrx_word' id='word_1_208' title='bbox 117 3277 152 3326; x_wconf 73' lang='lat'><strong><em>15</em></strong></span> <span class='ocrx_word' id='word_1_209' title='bbox 173 3270 239 3342; x_wconf 81' lang='grc' dir='ltr'><strong><em>περὶ</em></strong></span> <span class='ocrx_word' id='word_1_210' title='bbox 263 3273 407 3325; x_wconf 81' lang='grc' dir='ltr'><strong><em>πολιτικοῦ</em></strong></span> <span class='ocrx_word' id='word_1_211' title='bbox 431 3269 590 3360; x_wconf 46' lang='lat' dir='ltr'><strong>Stephanus</strong></span> <span class='ocrx_word' id='word_1_212' title='bbox 672 3273 706 3323; x_wconf 84' lang='grc'><strong><em>16</em></strong></span> <span class='ocrx_word' id='word_1_213' title='bbox 729 3266 926 3334; x_wconf 81' lang='grc' dir='ltr'><strong><em>άπυθεῖξαιΟ</em></strong></span> <span class='ocrx_word' id='word_1_214' title='bbox 963 3269 1035 3324; x_wconf 89' lang='grc' dir='ltr'><strong><em>άπο-</em></strong></span> 
     </span>
     <span class='ocr_line' id='line_1_30' title="bbox 29 3337 1034 3412; baseline 0.007 -22"><span class='ocrx_word' id='word_1_215' title='bbox 29 3340 174 3405; x_wconf 80' lang='grc' dir='ltr'><strong><em>θείξαοθαι</em></strong></span> <span class='ocrx_word' id='word_1_216' title='bbox 191 3341 296 3396; x_wconf 81' lang='lat' dir='ltr'>Reiske</span> <span class='ocrx_word' id='word_1_217' title='bbox 312 3345 317 3412; x_wconf 91' lang='grc' dir='ltr'>Ι</span> <span class='ocrx_word' id='word_1_218' title='bbox 333 3341 452 3412; x_wconf 85' lang='grc' dir='ltr'><strong><em>θεμιτὸν</em></strong></span> <span class='ocrx_word' id='word_1_219' title='bbox 472 3361 504 3396; x_wconf 89' lang='grc' dir='ltr'><strong><em>ον</em></strong></span> <span class='ocrx_word' id='word_1_220' title='bbox 523 3358 547 3396; x_wconf 88' lang='grc' dir='ltr'><strong><em>ο,</em></strong></span> <span class='ocrx_word' id='word_1_221' title='bbox 565 3339 666 3412; x_wconf 78' lang='lat' dir='ltr'><strong>Pflugk</strong></span> <span class='ocrx_word' id='word_1_222' title='bbox 735 3346 768 3395; x_wconf 80' lang='lat'><strong><em>1‘1</em></strong></span> <span class='ocrx_word' id='word_1_223' title='bbox 786 3337 922 3410; x_wconf 84' lang='grc' dir='ltr'><strong><em>παριέναι</em></strong></span> <span class='ocrx_word' id='word_1_224' title='bbox 939 3357 963 3397; x_wconf 84' lang='grc' dir='ltr'><strong><em>ο.</em></strong></span> <span class='ocrx_word' id='word_1_225' title='bbox 983 3339 1034 3397; x_wconf 85' lang='lat' dir='ltr'><strong><em>Oo-</em></strong></span> 
     </span>
     <span class='ocr_line' id='line_1_31' title="bbox 28 3407 1034 3484; baseline 0.005 -21"><span class='ocrx_word' id='word_1_226' title='bbox 28 3407 73 3464; x_wconf 75' lang='lat' dir='ltr'><strong><em>bet</em></strong></span> <span class='ocrx_word' id='word_1_227' title='bbox 88 3429 115 3481; x_wconf 87' lang='lat' dir='ltr'><strong><em>p.</em></strong></span> <span class='ocrx_word' id='word_1_228' title='bbox 134 3419 184 3468; x_wconf 82' lang='lat'><strong><em>103</em></strong></span> <span class='ocrx_word' id='word_1_229' title='bbox 237 3411 390 3484; x_wconf 87' lang='grc' dir='ltr'><strong><em>κατάρχειν</em></strong></span> <span class='ocrx_word' id='word_1_230' title='bbox 410 3412 433 3468; x_wconf 91' lang='grc' dir='ltr'>Ο</span> <span class='ocrx_word' id='word_1_231' title='bbox 452 3429 522 3469; x_wconf 88' lang='lat' dir='ltr'>corr.</span> <span class='ocrx_word' id='word_1_232' title='bbox 540 3410 644 3467; x_wconf 81' lang='lat' dir='ltr'>Reiske</span> <span class='ocrx_word' id='word_1_233' title='bbox 735 3417 769 3466; x_wconf 75' lang='lat'><strong><em>22</em></strong></span> <span class='ocrx_word' id='word_1_234' title='bbox 789 3409 907 3484; x_wconf 78' lang='grc' dir='ltr'><strong><em>έθηκεν]</em></strong></span> <span class='ocrx_word' id='word_1_235' title='bbox 927 3413 1034 3482; x_wconf 80' lang='grc' dir='ltr'><strong><em>ἀνῆκεν</em></strong></span> 
     </span>
     <span class='ocr_line' id='line_1_32' title="bbox 28 3479 345 3554; baseline 0.019 -22"><span class='ocrx_word' id='word_1_236' title='bbox 28 3479 183 3538; x_wconf 75' lang='lat' dir='ltr'>dubitanter</span> <span class='ocrx_word' id='word_1_237' title='bbox 228 3483 345 3554; x_wconf 76' lang='lat' dir='ltr'><strong>&#39;eseling</strong></span> 
     </span>
    </p>
   </div>
   <div class='ocr_carea' id='block_1_5' title="bbox 74 3576 873 3627">
    <p class='ocr_par' dir='ltr' id='par_1_5' title="bbox 74 3576 873 3627">
     <span class='ocr_line' id='line_1_33' title="bbox 74 3576 873 3627; baseline 0.011 -7"><span class='ocrx_word' id='word_1_238' title='bbox 74 3581 173 3624; x_wconf 76' lang='lat' dir='ltr'><strong>mom.</strong></span> <span class='ocrx_word' id='word_1_239' title='bbox 187 3583 252 3625; x_wconf 71' lang='grc' dir='ltr'><strong><em>Ηεο.</em></strong></span> <span class='ocrx_word' id='word_1_240' title='bbox 265 3585 298 3625; x_wconf 92' lang='lat'><strong><em>11.</em></strong></span> <span class='ocrx_word' id='word_1_241' title='bbox 320 3593 359 3626; x_wconf 78' lang='grc' dir='ltr'><strong><em>κο.</em></strong></span> <span class='ocrx_word' id='word_1_242' title='bbox 373 3585 475 3627; x_wconf 68' lang='grc' dir='ltr'><strong><em>λευοοτ.</em></strong></span> <span class='ocrx_word' id='word_1_243' title='bbox 841 3576 873 3625; x_wconf 81' lang='grc'><strong><em>15</em></strong></span> 
     </span>
    </p>
   </div>
   <div class='ocr_carea' id='block_1_6' title="bbox 0 0 1196 3902">
    <p class='ocr_par' dir='ltr' id='par_1_6' title="bbox 0 0 1196 3902">
     <span class='ocr_line' id='line_1_34' title="bbox 0 0 1196 3902; baseline 0 1"><span class='ocrx_word' id='word_1_244' title='bbox 0 0 1196 3902; x_wconf 95' lang='lat' dir='ltr'><strong><em> </em></strong></span> 
     </span>
    </p>
   </div>
  </div>
 </body>
</html>
