2400 3912
139 203 183 270 οε
569 205 733 256 -Δ-

141 367 403 452 δυσχεραίνουσί
418 369 479 451 μοί
493 388 592 449 τινες,
615 363 653 430 αί
668 361 700 429 δ’
718 365 765 442 είς
783 365 821 430 τὸ
836 365 1019 450 δημοτικὸν
1032 369 1148 449 πλῆθος

142 473 329 559 εὐεργεσίαι
358 478 476 539 λυπεῖν
507 471 594 557 ὑμᾶς
626 473 781 555 δοκοῦσι,
815 469 890 557 περλ
924 466 972 538 ὧν
1004 472 1148 548 πολλάκις

142 579 387 666 ἀπολελόγημαι
409 580 494 665 πρὸς
515 578 610 664 ὑμᾶς.
648 573 721 644 ἀλλ’
744 574 846 644 οὐδὲν
865 579 919 644 δεῖ
934 579 1064 645 τούτων
1081 577 1148 644 νυνὶ

142 698 210 753 τῶν
233 689 357 772 λόγων·
381 687 414 751 εί
435 681 516 770 <δὲ>
535 686 631 751 δοκεῖ
645 694 797 771 κρεῖττον
816 685 1074 770 ἐπιμελήσεσθαι
1092 697 1148 750 τῶν

48 873 51 880 Δ
114 804 266 861 εκοινῶν
301 793 487 875 Ταρκύνιος
518 790 635 858 οὑτοσὶ
666 793 707 858 τὰ
738 792 915 877 πράγματα
945 793 1149 880 παραλαβών,

142 902 184 966 οὐ
213 907 335 986 φθονῶ
362 907 403 985 τῇ
426 901 520 964 πόλει
543 901 715 982 βελτίονος
736 898 915 984 ἡγεμόνος·
952 898 1101 977 ἀποδοὺς
1123 896 1149 964 δὲ

141 1009 203 1092 τήν
231 1007 337 1094 ἀρχὴν
364 1014 410 1096 τῷ
435 1007 596 1072 δεδωκότι
619 1029 676 1090 μοι
699 1006 793 1093 δήμῳ
817 1004 872 1071 καὶ
894 1008 1075 1092 γενόμενος
1100 1008 1149 1096 ίδι-

142 1114 228 1196 ώτης
245 1113 445 1199 πειράσομαι
463 1122 600 1197 ποιήσαι
617 1120 699 1178 πάσι
718 1115 879 1198 φανερόν,
903 1113 954 1178 ὅτι
971 1111 1027 1178 καλ
1047 1114 1150 1199 άρχειν

143 1218 318 1304 ἐπίσταμαι
340 1224 449 1296 καλῶς
471 1216 527 1284 καλ
551 1220 715 1303 ἄρχεσθαι
738 1219 884 1303 δύναμαι
908 1222 1104 1305 σωφρόνως.

105 1350 131 1390 ιο
211 1325 385 1394 XXXVII.'
406 1331 550 1392 Τοιαῦτα
574 1322 763 1410 διαλεχθείς
784 1323 840 1390 καὶ
863 1327 911 1404 είς
928 1327 1057 1410 πολλήν
1077 1327 1150 1392 αίδῦ

141 1436 348 1518 καταστήσας
369 1435 449 1510 τοὺς
472 1429 737 1516 συνισταμένους
760 1427 810 1497 ἐπ’
832 1432 922 1522 αὐτῷ
946 1432 1079 1500 διέλυσε
1102 1436 1150 1499 τὸν

143 1541 311 1624 σύλλογον
328 1538 383 1606 καλ
403 1541 484 1625 μετά
501 1547 600 1604 τοῦτο
618 1540 698 1615 τοὺς
713 1540 859 1625 κήρυκας
872 1539 1152 1626 ἀνακαλεσάμενος

144 1646 294 1712 ἐκέλευσε
327 1648 384 1711 διά
415 1644 551 1712 πάντων
580 1655 647 1710 τῶν
680 1656 860 1712 στενωπῶν
893 1646 1076 1726 διεξιόντας
1102 1648 1151 1712 τὸν

108 1754 252 1842 2δήμον
280 1753 327 1828 είς
356 1751 533 1835 ἐκκλησίαν
556 1755 745 1834 συγκαλεῖν.
785 1754 1038 1839 συνδραμόντος
1060 1751 1092 1819 δ’
1114 1755 1182 1830 είςῖῖι

82 1924 84 1930 ,
106 1881 131 1922 ιι
144 1859 206 1942 τήν
230 1857 357 1944 ἀγορὰν
378 1865 441 1923 τοῦ
463 1858 545 1923 κατά
564 1859 653 1942 [τήν]
673 1845 772 1924 πόλιν
791 1860 893 1943 όχλου
911 1861 1091 1945 προελθὼν
1108 1858 1151 1926 ἐπὶ

142 1966 181 2030 τὸ
214 1969 302 2051 βῆμα
333 1965 464 2051 μακράν
496 1962 551 2028 καί
579 1970 740 2050 συμπαθῆ
769 1965 923 2051 διεξῆλθε
951 1967 1152 2054 δημηγορίαν

143 2073 201 2150 τάς
228 2097 263 2139 τε
290 2072 469 2158 πολεμικάς
492 2068 613 2136 ἑαυτοῦ
634 2071 769 2154 πράξεις
791 2070 1092 2158 ἐξαριθμούμενος,
1122 2073 1153 2150 ἃς

148 2183 339 2265 Ταρκυνίου
360 2202 396 2245 τε
420 2182 542 2258 ζῶντος
562 2176 759 2259 διεπράξατο
777 2176 833 2244 καὶ
852 2180 933 2263 μετά
950 2180 1012 2264 τήν
1031 2179 1153 2246 ἐκείνου

31 2317 40 2332 =
144 2288 300 2371 τελευτήν
326 2283 473 2352 καὶτῶν
494 2285 744 2368 πολιτευμάτων
767 2281 845 2350 καθ’
868 2286 906 2350 ἓν
929 2284 1069 2352 ἕκαστον
1092 2285 1154 2352 ἐπι-

104 2416 131 2456 ιο
145 2397 333 2480 λεγόμενος,
358 2392 390 2471 ἐξ
410 2387 458 2457 ὧν
475 2393 600 2468 πολλάς
617 2389 673 2456 καλ
691 2391 835 2475 μεγάλας
853 2391 967 2471 ἔδοξεν
987 2391 1155 2478 ἐσχηκέναι

110 2503 182 2570 3τὸ
205 2502 322 2566 κοινὸν
346 2497 516 2584 ὠφελείας.
552 2501 679 2564 πολλοῦ
704 2494 735 2561 δ’
757 2495 811 2582 ἐφ’
833 2496 959 2587 ἑκάστω
981 2510 1050 2564 τῶν
1068 2505 1154 2582 λεγο-

145 2607 257 2693 μένων
280 2605 495 2682 ἀπαντῶντος
512 2603 652 2670 ἐπαίνου
670 2601 727 2668 καὶ
744 2604 879 2669 πάντων
897 2607 1050 2690 σπουδήν
1069 2593 1154 2691 ἐχόν-

145 2736 212 2778 των
231 2709 364 2798 μαθεῖν,
383 2714 487 2777 τίνων
505 2710 601 2776 ἕνεκα
614 2719 718 2775 ταῦτα
731 2708 830 2794 λέγει,
848 2716 1011 2777 τελευτῶν
1025 2715 1155 2798 ἔφησεν,

146 2820 197 2886 ότι
214 2819 400 2905 Ταρκύνιος
418 2817 521 2882 αὐτὸν
540 2819 682 2882 αίτιόιται
699 2816 762 2900 τήν
780 2820 953 2901 βασιλείαν
970 2819 1011 2884 οὐ
1026 2821 1155 2894 δικαίως

106 2945 132 2988 25
146 2924 294 3012 κατέχειν
327 2923 432 3013 ἑαυτῷ
464 2926 712 3010 προσήκουσαν·
750 2929 941 2990 καταλιπεῖν
974 2927 1038 3011 γάρ
1070 2923 1154 3012 αὐτῷ

146 3035 206 3101 τὸν
233 3033 368 3098 πάππον
396 3031 654 3115 ἀποθνήσκοντα
677 3030 742 3094 σὺν
764 3040 834 3107 τοῖς
856 3033 999 3115 χρήμασι
1021 3029 1076 3098 καλ
1097 3031 1155 3114 τήν

218 3267 234 3315 2
254 3265 371 3316 λυποῦσι
389 3280 422 3330 με
441 3260 467 3312 Α
503 3263 602 3314 λυπεῖν
620 3278 654 3327 με
673 3258 695 3310 Β
732 3263 867 3313 λυποῦσιν
885 3259 958 3329 ὑμᾶς
976 3259 1026 3314 OD
1049 3264 1054 3326 Ι
1078 3259 1155 3313 *ἀδί-

101 3337 104 3342 “
147 3331 243 3393 κωςΟ
279 3334 395 3386 δοκοῦσι
413 3347 466 3402 ego
529 3328 593 3385 4εί
610 3328 641 3384 δὲ
661 3332 746 3384 δοκεῖ
758 3346 780 3385 ο.
800 3329 903 3384 Reiske
971 3337 1076 3386 8τᾶτι
1093 3327 1154 3384 add.

147 3401 195 3452 Bb
213 3399 243 3452 in
260 3417 314 3454 ras.
370 3407 403 3454 15
422 3401 493 3468 *τήν
512 3400 535 3454 O
553 3399 656 3454 inclusi
672 3403 676 3470 Ι
692 3403 844 3469 παρελθὼν
863 3417 885 3457 ο.
905 3399 1006 3456 Garrer
1020 3402 1085 3457 Obs.
1098 3418 1122 3470 p.
1139 3404 1155 3452 8

186 3475 219 3524 16
238 3463 354 3537 ἐμπαθῆ
371 3470 447 3523 idem
465 3469 485 3524 l.
502 3470 522 3523 l.
581 3474 617 3524 24
635 3467 678 3523 ότι
695 3469 742 3522 Bb
780 3490 823 3526 ,τι
841 3470 887 3523 Ba
906 3489 959 3526 om.
980 3469 1156 3544 ΑΙαάτῷΑ
