2400 3912
131 213 284 306 42x
559 217 723 266 -ι-

132 400 213 453 νους
239 374 294 441 καί
322 380 400 454 τοὺς
422 376 458 442 έκ
480 387 548 442 τῶν
571 374 806 461 ἀπελευθέρων
828 373 1029 459 γινομένους
1050 374 1132 438 πελά·

97 485 114 549 7
132 506 189 559 τας
207 493 277 561 τοῖς
295 483 446 568 ἐγγόνοις
464 494 534 560 τοῖς
553 481 682 548 ἑαυτῶν
699 484 968 559 καταλείποντας.
1004 485 1132 546 Τοιαῦτα

133 588 289 674 λέγοντος
312 590 417 656 αὐτοῦ
441 592 679 675 συνεχώρησαν
703 591 738 656 οί
758 593 926 675 πατρίκιοι
948 590 986 654 τὸ
1005 589 1082 664 έθος
1097 589 1134 663 είς

132 697 194 780 τήν
221 699 320 762 πόλιν
348 702 546 783 παρελθεῖν,
575 695 631 762 καί
654 695 749 781 μέχρι
771 706 839 761 τῶν
861 693 941 760 καθ’
967 694 1052 779 ήμῖις
1072 695 1135 778 χρό-

100 824 202 868 ινωυ
230 804 276 880 ὡς
302 803 339 868 έν
367 827 398 868 τι
421 813 488 867 τῶν
513 804 613 888 ίερῶυ
634 789 696 868 καί
714 803 880 887 ἀκινήτων
902 804 1057 888 νομίμων
1079 801 1136 864 δια-

131 915 220 975 τελεῖ
239 906 329 974 τοῦτ’
353 908 389 974 έν
412 917 452 994 τή
474 912 569 974 πόλει
592 911 853 994 φυλαττόμενον.

199 1014 341 1080 XXIIII.
372 1011 503 1100 Ἐπειδὴ
533 1012 570 1080 δέ
599 1016 681 1082 κατά
707 1025 806 1081 τοῦτο
835 1013 958 1098 γέγονα
985 1015 1023 1079 τὸ
1053 1011 1138 1098 μέρος

132 1130 190 1205 τής
223 1122 421 1206 διηγήσεως,
455 1121 638 1204 ἀναγκαῖον
670 1116 760 1186 εἶναί
784 1145 841 1205 μοι
870 1122 965 1186 δοκεῖ
989 1121 1137 1200 διελθεῖν,

133 1227 178 1304 ὡς
201 1221 267 1312 εἶχε
290 1231 363 1294 τότε
386 1238 457 1304 τοῖς
471 1215 643 1313 Ῥωμαίοις
660 1225 795 1315 τάπερλ
813 1229 893 1304 τοὺς
912 1227 1058 1302 δούλους
1076 1228 1170 1307 ἐθήρα

97 1354 124 1394 10
133 1335 189 1399 ἵνα
213 1336 293 1419 μήτε
315 1336 375 1399 τὸν
398 1333 535 1418 βασιλέα
558 1337 617 1401 τὸν
639 1345 773 1421 πρῶτον
796 1333 1051 1420 ἐπιχειρήσαντα
1074 1334 1139 1408 τοὺς

134 1442 394 1519 δεδουλευκότας
430 1441 551 1518 ἀστοὺς
586 1452 696 1506 ποιεῖν
735 1443 815 1526 μήτε
852 1441 932 1516 τοὺς
967 1436 1140 1525 παραδεξα-

133 1547 255 1632 μένους
282 1550 341 1612 τὸν
368 1551 474 1632 νόμον
502 1547 539 1613 έν
563 1550 682 1625 αίτίαις
705 1557 767 1633 σχή
790 1571 854 1630 τις,
884 1548 929 1625 ὡς
951 1546 1140 1631 ῥιπτοῦντας

83 1654 118 1724 ,2
133 1656 203 1738 είκή
235 1656 276 1718 τά
307 1654 398 1742 καλά.
442 1654 625 1739 ἐτύγχανον
658 1655 699 1738 δή
728 1664 798 1730 τοῖς
820 1650 994 1738 Ῥωμαίοις
1022 1653 1062 1716 αί
1085 1662 1140 1716 τῶν

133 1762 352 1843 θεραπόντων
376 1762 505 1843 κτήσεις
523 1762 606 1825 κατά
624 1762 702 1837 τοὺς
726 1760 956 1848 δικαιοτάτους
976 1761 1141 1844 γινόμεναι

97 1884 124 1926 15
133 1867 287 1950 τρόπους.
323 1863 343 1947 ή
367 1867 430 1951 γδιρ
455 1865 664 1951 ὠνησάμενοι
686 1868 776 1951 παρά
798 1875 859 1932 τοῦ
883 1868 1051 1950 δημοσίου
1074 1866 1142 1940 τοὺς

132 1972 198 2037 ὑπὸ
222 1973 308 2056 δόρυ
330 1970 567 2056 πωλουμένους
590 1973 626 2038 έκ
648 1983 716 2038 τῶν
735 1974 910 2059 λαφύρων,
933 1971 954 2056 ή
972 1981 1036 2037 τοῦ
1055 1989 1142 2056 στρα-

132 2086 237 2161 τηγοῦ
264 2080 541 2162 συγχωρήσαντος
559 2080 635 2176 ,άμα
662 2089 734 2155 ταῖς
757 2081 872 2156 ἀλλαις
896 2077 1075 2163 ὠφελείαις
1096 2073 1143 2142 καὶ

133 2187 212 2261 τοὺς
243 2185 477 2269 δορυαλώτους
503 2195 574 2262 τοῖς
601 2189 763 2269 λαβοῦσιν
792 2187 879 2271 ἔχειν
906 2185 927 2269 ή
955 2184 1144 2270 πριαμένοις

133 2284 211 2377 παρ’
234 2289 355 2377 ἑτέρων
382 2294 465 2357 κατὰ
491 2295 570 2369 τοὺς
597 2292 718 2369 αὐτοὺς
740 2295 885 2378 τρόπους
907 2295 1036 2377 κυρίων
1059 2313 1145 2374 γευο-

96 2366 245 2492 ἓομένων
282 2397 455 2480 ἐκέκτηντο
491 2400 570 2474 τοὺς
607 2399 758 2475 δούλους.
805 2395 906 2463 οὐδὲν
942 2400 983 2482 δή
1015 2407 1145 2485 πρᾶγμα

133 2515 242 2568 ποιεῖν
261 2505 421 2587 αἰσχύνης
438 2503 459 2587 ἢ
478 2504 604 2587 βλάβης
623 2514 736 2588 κοινῆς
754 2511 862 2570 αίτιον
877 2499 954 2571 οὔθ’
973 2504 991 2570 ὁ
1010 2505 1147 2579 Τύλλιος

134 2609 152 2674 δ
176 2609 463 2693 καταστησάμενος
485 2611 523 2674 τὸ
547 2612 627 2687 έθος
651 2607 730 2676 οὔθ’
758 2611 793 2676 oc
812 2609 1078 2696 παραδεξάμενοι
1096 2606 1148 2675 καί

135 2714 397 2798 διαφυλάξαντες
420 2714 538 2802 η’ίοντο,
562 2718 594 2780 εί
614 2727 685 2793 τοῖς
707 2716 941 2804 ἀφαιρεθεῖσιν
960 2717 997 2782 έν
1015 2715 1148 2802 πολέμῳ

71 2821 98 2878 ’.
134 2823 196 2904 τήν
222 2843 257 2886 τε
285 2822 428 2904 πατρίδα
447 2819 510 2886 καὶ
533 2823 595 2906 τήν
618 2822 815 2910 ἐλευθερίαν
838 2819 993 2911 χρηστοῖς
1015 2821 1149 2908 γενομέ-

97 2946 206 3006 εευοις
232 2925 309 3013 περὶ
331 2930 409 3003 τοὺς
431 2927 794 3012 καταδουλωσαμένους
815 2929 836 3013 ή
860 2933 939 3007 τοὺς
961 2931 1051 3015 παρὰ
1073 2929 1180 2996 τούυῦ·

206 3128 221 3175 2
241 3118 448 3183 καταλιπόντας
467 3120 489 3174 Ο
508 3137 577 3175 corr.
597 3120 742 3189 Kiessling
810 3122 940 3192 ’ῖοίομαι
959 3120 986 3177 δ’
1009 3117 1107 3190 ἐπειδὴ
1127 3121 1148 3173 Β

135 3187 233 3260 ἐπειδὴ
253 3191 283 3247 δὲ
303 3192 329 3245 R
401 3188 516 3247 8εἷναί
530 3211 577 3262 μοι
597 3195 680 3247 δοκεῖ
695 3192 717 3248 Ο
735 3192 889 3261 praeberB
963 3198 996 3249 16
1015 3191 1033 3260 ή
1053 3191 1148 3246 om.B
1185 3211 1186 3252 1

171 3269 204 3316 18
223 3261 389 3333 πριαμένοις
405 3262 459 3317 ΑΒ
494 3261 646 3333 πριάμενοι
663 3263 689 3316 R
720 3261 871 3333 πριάμενοι
890 3264 992 3326 αύτούς
1005 3262 1149 3330 Kiessling
1185 3261 1186 3306 ἶ

171 3337 204 3384 19
223 3333 338 3394 τούτους
356 3335 421 3396 τοῦς
438 3332 559 3404 τρόπους
578 3351 600 3389 ο.
612 3334 734 3403 sylburg
788 3340 822 3389 23
842 3334 1084 3406 ἀφ<αι>ρεθεῖσιν
1100 3334 1148 3386 Bb

171 3406 206 3452 24
224 3409 351 3468 χρηστοῖς
369 3403 446 3456 ABb
483 3411 534 3472 χρῆ
553 3411 611 3465 τοῖς
628 3404 675 3457 Ba
764 3411 797 3458 25
817 3405 882 3474 περί
904 3407 969 3468 τοῦς
986 3406 1019 3461 τδ
1037 3412 1148 3475 πρῶτον

136 3469 240 3530 αὐτοὺς
267 3471 569 3542 καταδουλωσαμένους
596 3471 613 3540 ἢ
642 3473 707 3544 περὶ
729 3476 794 3537 τοῦς
815 3475 894 3545 παρὰ
916 3477 1023 3531 τούτων
1047 3476 1151 3538 αύτούς
