2400 3912
469 247 633 297 -A-
999 245 1062 311 131

54 405 240 492 σπασαμένη
263 414 325 471 τοῦ
347 407 472 491 πατρὸς
494 406 657 493 δρῶντος,
686 403 712 473 ὦ
737 408 892 492 δημόται,
918 409 974 474 διὰ
996 419 1064 474 τῶν

53 512 163 597 ἑαυτῆς
193 513 393 598 σπλάγχνων
424 515 527 597 ἔβαψε
553 516 614 579 τὸν
642 514 792 600 σίδηρον.
830 509 856 579 ὦ
884 516 1098 599 θαυμαστὴ3

52 623 90 686 σὺ
117 618 173 686 καὶ
200 625 335 685 πολλῶν
362 618 510 685 ἐπαίνων
538 619 612 699 ἀξία
638 629 697 704 τῆς
724 620 882 704 εὐγενοῦς
908 619 1063 707 προαιρέ-

52 744 143 810 σεως,
167 732 242 812 οίχη
266 723 322 791 καὶ
345 725 520 804 ἀπόλωλας
543 725 604 811 οὐχ
627 725 835 811 ὑπομείνασα
858 729 1063 811 τνραννικὴν

51 835 153 920 ὕβριν,
179 833 308 910 ἁπάσας
330 831 538 919 ὑπεριδοῦσα
560 834 618 910 τὰς
641 833 678 899 ἐν
700 841 746 921 τῷ
772 836 829 916 ζῆν
846 832 981 917 ἡδονάς,
1006 834 1084 901 ἵναι

51 958 98 1006 σοι
120 936 227 1025 μηδὲν
249 942 298 1005 ἔτι
320 947 476 1006 τοιοῦτον
498 943 608 1025 συμβῇ
631 946 762 1005 παθεῖν.
798 941 909 1004 ἔπειτα
928 943 972 1006 σὺ
990 939 1062 1026 μέν,

51 1043 73 1111 ὦ
94 1049 300 1134 Λουκρητία,
322 1048 515 1131 γυναικείας
537 1055 684 1131 τυχοῦσα
708 1047 841 1131 φύσεως
864 1045 987 1133 ἀνδρὸς
1009 1048 1064 1113 εὐ-

50 1163 161 1237 γενοῦς
184 1155 344 1239 φρόνημα
368 1155 478 1238 ἔσχες,
501 1152 595 1238 ἡμεῖς
619 1151 650 1218 δ’
672 1154 794 1239 ἀνδρες
811 1155 987 1250 γενόμενοι
1004 1177 1063 1236 γυ-

49 1270 167 1326 ναικῶν
195 1263 328 1346 χείρους
356 1260 456 1346 ἀρετῇ
485 1261 713 1344 γενησόμεθα;
742 1257 797 1325 καὶ
825 1257 879 1326 σοὶ
907 1259 982 1345 μέν,
1011 1261 1063 1326 ότι

50 1370 122 1450 μίαν
158 1367 392 1454 ἐτυραννήθης
427 1367 532 1432 νύκτα
559 1368 621 1451 τὴν
654 1366 816 1451 ἀμίαντον
848 1362 1059 1451 ἀφαιρεθεῖσ’
1072 1394 1100 1434 ιο

51 1475 126 1540 αίδῶ
158 1475 241 1559 μετὰ
272 1476 362 1558 βίας,
394 1473 502 1558 ἡδίων
533 1470 589 1538 καὶ
621 1472 867 1560 μακαριώτερος
899 1471 1013 1551 ἐδοξεν
1044 1473 1062 1538 ὁ

50 1580 190 1658 θάνατος
213 1575 302 1647 εἶναι
322 1588 385 1646 τοῦ
408 1582 497 1664 βίον,
520 1578 601 1665 ἡμῖν
624 1576 654 1644 δ’
678 1573 732 1666 ἀρ’
755 1578 797 1644 οὐ
818 1581 1064 1664 παραστήσεται

49 1687 82 1751 τὸ
104 1687 185 1754 αὐτὸ
208 1695 309 1754 τοῦτο
333 1687 529 1771 ὑπολαβεῖν,
553 1681 601 1752 ὧν
620 1686 805 1772 Ταρκύνιος
829 1686 869 1751 οὐ
888 1688 967 1770 μίαν
985 1684 1063 1772 ἡμέ-

51 1819 121 1878 ραν,
151 1793 235 1861 ἀλλὰ
261 1792 411 1879 πέμπτον
437 1791 493 1860 καὶ
517 1794 668 1859 εἰκοστὸν
691 1794 763 1870 ἔπος
785 1794 851 1877 ἡδη
874 1803 1062 1879 τυραννῶν,

50 1901 150 1979 πάσας
181 1897 351 1987 ἀφῄρηται
384 1902 442 1978 τὰς
475 1900 512 1966 ἐν
545 1908 590 1989 τῷ
626 1904 683 1979 ζν
712 1899 838 1984 ἡδονὰς
866 1900 1062 1987 ἐλευθερίαν
1071 1923 1098 1964 ιε

51 2007 263 2092 ἀφελόμενοςς
298 2007 361 2073 οὐκ
388 2011 480 2073 ἐστιν
506 2007 601 2090 ἡμῖν,
635 2002 661 2072 ὦ
690 2007 845 2093 δημόται,
873 2009 997 2092 βιωτὸν
1024 2007 1098 2074 ἐν4

11 2116 209 2192 εειτοιοότοις
232 2113 510 2200 καλινδουμένοις
532 2124 657 2197 κακοῖς,
681 2113 818 2180 ἐκείνων
840 2124 907 2178 τῶν
927 2113 1061 2200 ἀνδρῶν

52 2216 142 2288 οὖσιν
164 2221 356 2306 ἀπογόνοις,
381 2222 478 2287 om&
502 2221 614 2286 δίκαια
635 2219 764 2286 τάττειν
782 2219 899 2303 ἠξίουν
916 2230 987 2296 τοῖς
1005 2221 1061 2285 ἀλ-

51 2332 115 2406 λοις
141 2326 196 2394 καὶ
224 2330 370 2405 πολλοὺς
398 2323 483 2414 ὑπὲρ
512 2326 613 2412 ἀρχῆς
639 2325 696 2393 καὶ
724 2326 822 2410 δόξης
843 2328 968 2411 ἡραντο
991 2350 1061 2391 κιν-

52 2434 181 2512 δύνους·
215 2433 299 2501 ἀλλά
322 2435 417 2500 δυεῖν
439 2434 586 2519 θάτερον
608 2434 732 2498 ἅπασιν
755 2431 915 2519 αίρετέον,
937 2430 959 2516 ἡ
982 2435 1096 2516 βίονω

51 2539 241 2626 ἐλεύθερον,
269 2539 289 2625 ἡ
317 2541 469 2605 θάνατον
493 2538 641 2618 ἔνδοξον.
678 2540 750 2622 ἡκει
776 2535 814 2604 δὲ
835 2541 961 2623 καιρός,
985 2532 1094 2604 οἷονὸ

52 2645 221 2732 εὐχόμεθα,
244 2648 487 2730 μεθεστηκότος
505 2642 567 2729 μὲν
585 2645 621 2710 ἐκ
638 2654 696 2728 τῆς
714 2647 841 2721 πόλεως
859 2648 1060 2730 Ταρκυνίου,

50 2751 239 2839 ἡγουμένων
263 2750 300 2818 δὲ
323 2761 380 2836 τῆς
400 2737 634 2838 ἐπιχειρήσεως
655 2761 723 2817 τῶν
745 2753 938 2837 πατρικίων,
965 2752 1059 2817 οὐδε-

52 2859 104 2935 νὸς
124 2857 155 2924 δ’
172 2859 253 2945 ἡμῖν
272 2858 496 2940 ἐλλείψοντος,
521 2855 579 2923 ἐὰν
597 2857 634 2922 ἐκ
651 2861 843 2943 προθυμίας
856 2861 1059 2943 χωρήσωμεν

52 2962 99 3029 ἐπί
119 2968 158 3032 τὰ
181 2968 278 3051 ἔργα,
301 2965 343 3030 οὐ
366 2965 545 3050 σωμάτων,
569 2963 610 3028 οὐ
632 2963 825 3049 χρημάτων,
849 2964 911 3048 οὐχ
934 2965 1093 3047 ὅπλων,ει

114 3163 131 3211 4
153 3155 266 3227 εόχηιιας
289 3153 435 3220 ἀπόλωλας
456 3156 482 3210 Α
522 3157 585 3226 οίχη
609 3155 658 3210 καλ
680 3154 826 3217 ἀπόλωλας
847 3155 870 3208 Β
912 3153 1058 3219 ἀπόλωλας

55 3226 100 3284 del.
119 3213 249 3283 Schelle
267 3227 364 3283 Exere.
383 3247 410 3298 p.
430 3234 464 3283 21
552 3233 586 3282 10
604 3227 693 3282 νύκτα
712 3227 905 3295 ἀφαιρεθεῖσα
922 3226 974 3295 τὴν
993 3228 1058 3297 ἀμί-

54 3317 129 3354 αντον
148 3299 260 3354 αίδῶΒ
296 3298 552 3390 *ἀραιρεδεῖσαΟ
620 3304 652 3352 12
671 3297 738 3367 ἡμῖν
757 3293 785 3350 δ’
803 3291 850 3366 ἀρ’
867 3297 900 3350 οά
918 3297 944 3350 A
979 3297 1049 3370 ἡμλίγ

55 3367 85 3436 ἀρ
102 3372 132 3425 οά
149 3371 213 3496 Bate
231 3371 335 3494 ἡμῖνᾶ
363 3370 399 3440 ἀρ
418 3371 451 3424 οό
469 3370 516 3424 Bb
609 3375 642 3423 15
661 3367 711 3431 τδις
734 3363 764 3422 ἐν
783 3373 820 3422 τῶ
841 3370 890 3436 ζῆν
909 3367 1015 3458 ἡδονὰς

56 3455 101 3495 om.
117 3457 184 3510 prae
214 3459 229 3495 r

330 3448 363 3496 1⁷
382 3438 652 3510 κυλινδουμένοιςΒ
707 3445 741 3492 23
760 3421 967 3500 οὐδενὸςδΒ
1020 3447 1056 3493 24

56 3505 219 3581 ἐλλείψοντος
239 3513 265 3582 (ο
284 3528 318 3566 ex
336 3532 355 3565 α
372 3511 508 3579 radendo)
528 3511 551 3562 B
675 3507 681 3518 ⁸

860 3595 895 3644 9*
