2384 3902
450 245 614 293 ,Ε-

32 401 168 479 στάτους
194 412 261 467 τῶν
288 407 435 469 πολιτῶν
462 400 518 468 καλ
545 408 703 470 πλείστου
732 404 769 470 ἐν
791 415 863 482 ταῖς
885 407 1043 473 Λατίνων

31 509 143 573 πόλεσι
179 508 388 594 δυναμένους
425 510 672 576 ἀπεστάλκεσαν
704 509 859 597 πρέσβεις
890 513 973 599 πρὸς
1005 514 1043 578 τὸ

30 615 144 680 κοινὸν
167 614 331 702 ἱκετηρίας
354 615 527 703 φέροντας.

91 738 158 804 LX.
196 741 306 804 Ταῦτα
339 740 381 824 δὴ
413 741 632 826 προεγνωκὼς
664 740 683 806 δ
711 743 858 829 Λάρκιος
885 752 955 819 τοῖς
982 740 1043 827 μέν

31 845 158 911 αἰτοῦσι
180 847 238 923 τάς
260 845 382 931 ἀνοχάς
406 845 557 913 ἐκέλευσε
580 849 620 912 τδι
644 847 729 913 ὅπλα
748 848 970 934 ἀποθεμένοις
986 847 1070 916 καλό

29 954 81 1030 τάς
111 954 220 1031 πύλας
251 952 420 1037 ἀνοίξασι,
454 957 529 1020 τότε
562 952 778 1039 διαλέγεσθαι
810 958 893 1042 πρὸς
925 955 1042 1023 αὐτόν·

32 1059 136 1137 ἀλλως
159 1055 193 1125 δ’
220 1061 296 1126 οὔτε
321 1062 501 1144 διαλλαγάς
524 1061 600 1127 οὔτε
624 1061 747 1147 ἀνοχάς
771 1062 847 1128 οὔτε
867 1063 948 1129 ἀλλο
968 1069 1044 1148 φιλ-

30 1164 210 1251 άνθρωπον
245 1166 266 1251 ἢ
303 1165 439 1254 μέτριον
477 1165 583 1234 οὐθέν
623 1167 736 1245 αὐτοῖς
777 1169 938 1255 ὑπάρξειν
978 1173 1042 1255 ἔφη

30 1274 113 1357 παρὰ
137 1283 195 1358 τῆς
208 1269 380 1358 Ῥωμαίων
399 1275 539 1351 πόλεως·
574 1275 653 1352 τοὺς
671 1269 704 1339 δ’
727 1273 971 1354 ἀποσταλέντας
990 1274 1044 1342 ἐπὶ

29 1380 61 1443 τὸ
80 1381 239 1445 Λατίνων
262 1382 364 1458 ἔθνος
386 1381 589 1466 πρεσβευτάς
607 1378 771 1464 ἐφύλαττε
790 1378 905 1465 μηκέτι
923 1387 1042 1468 παρελ-
1056 1401 1082 1442 1⁰
1176 1441 1186 1456 ,

29 1491 101 1549 θεῖν
124 1485 219 1564 ἐντὸς
241 1489 381 1572 τείχους,
405 1486 534 1564 ἁπάσας
556 1487 614 1564 τάς
633 1487 680 1563 είς
697 1487 760 1570 τὴν
778 1488 877 1552 πόλιν
896 1487 1043 1571 ἀγούσας

6 1590 125 1668 λυόδοὺς
145 1603 311 1678 φρουραῖς
325 1591 587 1679 ἐπιμελεστέραις
602 1594 782 1678 διαλαβών,
802 1594 885 1660 ὥστε
899 1594 1042 1678 ἠναγκά·

29 1705 159 1782 σθησαν
183 1698 218 1764 οί
238 1699 518 1784 πολιορκούμενοι
537 1700 595 1775 τδς
614 1699 822 1784 συμμαχικὰς
840 1697 1042 1782 ἀπογνόντες

29 1803 160 1883 ἐλπίδας
178 1803 232 1871 ἐπὶ
250 1806 309 1882 τδις
326 1813 395 1870 τῶν
412 1807 580 1889 πολεμίων
600 1805 729 1888 δεήσεις
747 1816 961 1890 καταφυγεῖν.
987 1805 1042 1872 καλ

30 1914 246 1989 συνελθόντες
264 1913 313 1989 είς
332 1910 509 1995 ἐκκλησίαν
531 1913 667 1997 ἔκριναν
681 1909 862 1997 ὑπομένειν
876 1913 934 1990 τὰς
948 1914 1040 1979 διαλ-
1055 1906 1080 1974 15'

29 2021 136 2103 λαγώς,
156 2015 209 2102 ἐφ’
230 2009 280 2095 οἷς
299 2017 317 2084 ὁ
336 2027 467 2104 κρατῶν
486 2017 590 2102 ἠξίου.
628 2017 734 2094 οὕτως
753 2015 783 2082 δ’
807 2019 872 2104 ἀρα
889 2021 1077 2087 πολιτικιλ2

28 2119 67 2207 ἦν
89 2126 128 2190 τδι
151 2135 219 2190 τῶν
243 2126 316 2190 τότε
339 2124 514 2209 ἡγεμόνων
537 2125 607 2208 ἤθη
627 2121 682 2188 καλ
700 2129 857 2190 πλείστου
876 2123 1042 2211 ἀπέχοντα

28 2239 224 2317 τυραννικῆς
243 2231 439 2312 αὐθαδείας,
458 2231 501 2315 ἣν
520 2229 660 2296 σπάνιοί
674 2253 762 2308 τινες
779 2241 847 2296 τών
865 2228 944 2296 καθ’
957 2231 1042 2316 ἡμᾶς

28 2337 197 2423 ἡγεμόνιον
228 2343 369 2422 ἴσχυσαν
397 2337 549 2416 ἐξουσίας
577 2334 778 2422 ἐπαρθέντες
806 2335 941 2422 μεγέθει
970 2338 1041 2403 δια-

29 2455 159 2528 φυγεῖν,
188 2445 273 2510 ὥστε
299 2445 503 2530 παραλαβὼν
530 2443 592 2526 τὴν
619 2444 718 2508 πόλιν
742 2441 760 2508 δ
783 2443 909 2521 ύπατος
933 2441 1038 2510 οὐθὲν
1052 2463 1079 2505 ω

30 2548 88 2614 ἀπὸ
110 2559 167 2634 τῆς
188 2549 309 2617 ἑαυτοῦ
327 2551 463 2636 γνώμης
481 2549 631 2636 ἔπραξεν,
655 2545 728 2614 ἀλλ’
751 2549 944 2617 ἀποθέσθαι
961 2553 1041 2627 τοὺς
1061 2575 1074 2594 ’-

29 2655 225 2743 ἀνθρώπους
256 2658 414 2734 κελεύσας
447 2658 488 2722 τὰ
518 2657 603 2722 όπλα
630 2653 687 2722 καὶ
714 2657 869 2742 φρουράν
898 2655 952 2723 ἐπὶ
978 2659 1040 2742 τὴν

29 2761 127 2847 ἀκραν
153 2765 344 2830 καταλιπὼν
377 2762 477 2840 αὐτὸς
513 2764 561 2840 είς
593 2762 656 2845 τὴν
678 2756 810 2846 Ῥώμην
837 2758 950 2848 ἀπῄει,
982 2762 1040 2829 καλ

31 2872 224 2955 συναγαγὼν
255 2873 293 2937 τὸ
327 2869 506 2956 συνέδριον
539 2867 711 2956 ἀπέδωκεν
744 2867 858 2946 αὐτοῖς
889 2881 1038 2955 σκοπεῖν,

30 2979 97 3041 τίνα
124 2976 287 3064 χρηστέον
312 2988 382 3054 τοϊς
404 2977 613 3062 παραδοῦσιν
637 2973 778 3052 ἑαυτοὺς
800 2977 934 3061 τρόπον.
980 2957 1080 3072 ἐφ’,ἶδ5

32 3073 77 3159 οἷς
102 3083 305 3169 ἀγασθέντες
332 3085 391 3150 τὸν
420 3085 528 3170 ἀνδρα
556 3093 613 3168 τῆς
635 3083 719 3169 πρὸς
743 3082 865 3159 αὐτοὺς
887 3090 982 3168 τιμῆς
1005 3083 1040 3147 οί

35 3191 183 3278 σύνεδροι
207 3194 285 3269 τοὺς
308 3187 369 3276 μὲν
392 3189 675 3276 ἐπιφανεστάτους
695 3190 889 3273 Φιδηναίων
907 3186 1038 3273 καὶτῆς

93 3437 176 3510 4δὴ]
197 3435 270 3493 δλΒ
353 3445 437 3507 9τῆς
460 3437 556 3492 om.B
638 3442 672 3491 λδ
691 3444 751 3498 πῶς
773 3431 791 3502 ἢ
815 3435 879 3490 τίνα
902 3432 1039 3505 χρηστέον

31 3505 54 3558 Α
85 3507 215 3580 χρηστέον
234 3509 299 3564 τινὰ
317 3509 411 3564 verbis
430 3517 489 3571 πῶς
507 3505 525 3576 λη
544 3507 655 3563 omissis
674 3507 697 3560 B
