2400 3912
140 219 204 283 102
567 222 804 272 -A-·

138 403 173 445 τε
204 381 355 465 γραμμάς
387 379 442 446 καὶ
475 377 588 467 ἑτέρας
620 375 721 459 αὖθις
753 380 888 458 εὐθείας
920 377 977 445 καί
1007 375 1086 444 καθ’
1113 379 1142 444 ἓν

138 486 279 553 ἕκαστον
310 492 435 573 χωρίον
467 487 672 574 ποιουμένου
703 489 762 566 τάς
793 483 878 574 ὑπὲρ
909 495 968 572 τῆς
995 485 1143 573 εὑρέσεως

140 594 316 680 ἐρωτήσεις
339 592 440 661 οὐδὲν
463 593 754 679 ἐπιταραττόμενοι
775 595 839 679 τῆν
861 594 1001 679 γνώμην
1023 593 1060 659 οὑ
1079 595 1143 678 πρέ-

140 704 231 785 σβεις
258 703 320 786 τῆν
348 701 453 785 αὐτὴν
481 701 668 785 ἐφύλαττον
690 701 884 787 ἀπόκρισιν,
908 702 1019 787 ὥσπερ
1042 699 1143 775 αὐτοῖς

115 807 157 872 οὑ
181 817 241 874 τοῦ
259 809 407 893 μάντεως
424 806 569 874 ὑπέθετο
587 809 672 891 υίός,
695 809 757 892 τῆν
772 803 902 893 Ῥώμην
919 805 975 873 καὶ
993 808 1055 872 τὸν
1072 810 1143 890 Ταρ-

137 918 238 998 πήιον
266 914 483 1000 ὀνομάζοντες
510 911 561 980 ἀεί
590 917 700 998 λόφον
727 911 782 980 καί
808 915 870 979 τὸν
897 913 1061 998 ἐξηγητὴν
1088 912 1143 992 ἀξι-

138 1028 254 1097 οῦντες
285 1021 330 1105 μῆ
363 1025 614 1106 σφετερίζεσθαι
646 1022 684 1086 τὸ
713 1029 867 1106 σημεῖον,
900 1013 973 1085 ἀλλ’
999 1019 1064 1086 άπὸ
1094 1028 1143 1084 τοῦ

102 1130 316 1213 2κρατίστου
348 1125 403 1193 καὶ
430 1137 491 1194 τοῦ
521 1129 734 1194 δικαιοτάτου
762 1124 881 1211 λέγειν.
923 1126 965 1192 οὐ
994 1123 1144 1210 δυνηθεὶς

138 1230 175 1298 δὲ
202 1235 502 1320 παρακρούσασθαι
529 1237 608 1312 τοὺς
636 1236 762 1321 ἄνδρας
785 1234 803 1300 ὁ
830 1233 948 1318 μάντις
970 1230 1052 1299 οὐδὲ
1075 1250 1143 1317 σφε-

102 1365 128 1404 10
137 1342 335 1426 τερίσασθαι
365 1343 425 1406 τὸν
457 1343 581 1408 οἰωνὸν
612 1340 702 1425 λέγει
732 1342 816 1427 πρὸς
848 1339 986 1423 αὐτούς,
1014 1338 1144 1424 ’Ἁνδρες

132 1442 296 1531 Ῥωμαῖοι,
321 1445 431 1532 λέγετε
454 1450 537 1532 πρὸς
559 1450 639 1524 τοὺς
662 1447 789 1514 ἑαυτῶν
812 1449 959 1529 πολίτας,
984 1445 1036 1511 ὅτι
1054 1469 1143 1528 κεφα-

137 1555 199 1638 λῆν
233 1554 383 1639 εἵμαρται
412 1553 572 1638 γενέσθαι
599 1554 774 1640 συμπάσης
797 1551 937 1630 Ἰταλίας
963 1553 1024 1616 τὸν
1050 1553 1143 1616 τόπον
1186 1547 1187 1594 1

136 1668 268 1741 τοῦτον,
292 1658 329 1724 ἐν
352 1649 378 1748 ᾧ
400 1661 462 1744 τῆν
480 1660 630 1744 κεφαλῆν
648 1661 767 1746 εὑρετε.
805 1658 838 1737 ἐξ
858 1659 989 1726 ἐκείνου
1007 1663 1143 1724 καλεῖται
1186 1657 1187 1660 ’

136 1773 197 1828 τοῦ
224 1766 349 1849 χρόνον
372 1769 603 1844 Καπιτωλῖνος
628 1766 647 1832 ὁ
671 1768 776 1851 λόφος
798 1762 852 1831 ἐπί
875 1773 933 1849 τῆς
955 1763 1177 1849 εὑρεθείσηςῑίσ

101 1893 127 1934 15
138 1868 174 1934 ἐν
206 1869 295 1956 αὐτῷ
328 1877 484 1956 κεφαλῆς·
522 1872 642 1938 κάπιτα
673 1872 737 1957 γάρ
768 1872 803 1937 οί
828 1867 984 1956 Ῥωμαῖοι
1013 1879 1142 1939 καλοῦσι

101 1981 121 2046 3
136 1977 195 2052 τὰς
212 1976 365 2060 κεφαλάς.
401 1987 505 2044 ταῦτα
522 1979 612 2064 παρά
629 1988 698 2044 τῶν
715 1980 993 2065 πρεσβευσάντων
1007 1981 1144 2057 ἀκούσας

137 2082 155 2147 ὁ
182 2082 367 2166 Ταρκύνιος
390 2082 546 2169 ἐπέστησε
569 2095 639 2162 τοῖς
662 2087 772 2170 ἔργοις
793 2087 873 2163 τοὺς
895 2090 1059 2172 τεχνίτας·
1094 2085 1141 2176 καί

136 2190 177 2253 τά
199 2186 261 2275 μδν
283 2192 391 2257 πολλά
413 2190 624 2276 ἐξειργάσατο
648 2200 709 2257 τοῦ
726 2201 823 2275 ναοῦ,
845 2198 1019 2259 τελειῶσαι
1038 2191 1068 2258 δ’
1090 2195 1143 2259 οὐκ

136 2299 287 2381 ἔφθασεν
310 2298 399 2364 άπαν
421 2299 459 2362 τὸ
483 2301 584 2384 ἐργον
607 2296 754 2364 ἐκπεσὼν
776 2299 893 2384 τάχιον
915 2297 952 2365 ἐκ
974 2309 1033 2384 τῆς
1052 2303 1143 2367 δυνα-
1187 2327 1188 2386 }

100 2426 126 2466 ιο
137 2407 255 2486 στείας,
280 2398 353 2470 ἀλλ’
375 2401 428 2470 ἐπὶ
450 2413 507 2488 τῆς
529 2407 642 2490 τρίτης
659 2405 816 2483 ὑπατείας
833 2403 1040 2491 ἡῬωμαίων
1057 2410 1144 2483 πόλις

137 2508 238 2574 αὐτὸν
257 2512 304 2586 είς
323 2510 516 2576 συντέλειαν
534 2510 753 2597 ἐξειργάσατο.
790 2512 933 2596 ἐποιήθη
953 2511 984 2578 δ’
1003 2512 1055 2580 ἐπὶ
1072 2537 1144 2599 κρη-

64 2686 66 2690 ,
136 2616 234 2691 πῑδος
255 2615 385 2701 ὑψηλῆς
407 2619 556 2703 βεβηκὼς
578 2618 805 2705 ὀκτάπλεθρος
827 2620 889 2704 τῆν
907 2622 1077 2706 περίοδον,
1099 2622 1143 2684 δι-

136 2724 282 2788 ακοσίων
313 2724 430 2789 ποδῶν
457 2727 591 2808 ἔγγιστα
617 2726 680 2809 τῆν
706 2727 855 2812 πλευράν
883 2728 969 2809 ἔχων
996 2724 1142 2809 ἑκάστην·

136 2827 252 2911 ὀλίγον
276 2827 316 2894 δέ
336 2852 367 2895 τι
390 2831 428 2895 τὸ
452 2830 650 2897 διαλλάττον
671 2831 764 2918 εὑροι
782 2854 832 2909 τις
850 2830 892 2896 άν
910 2839 969 2916 τῆς
986 2831 1142 2919 ὑπεροχῆς

100 2956 126 2997 ιο
135 2943 196 3000 τοῦ
222 2939 349 3020 μῆκους
375 2938 465 3023 παρά
491 2938 529 3002 τὸ
556 2938 679 3016 πλάτος
707 2935 780 3003 οὐδ’
803 2939 891 3004 ὅλων
915 2942 1141 3006 πεντεκαίδεκα

94 3043 254 3109 4ποδῶν.
300 3040 354 3109 ἐπὶ
385 3045 449 3130 γὰρ
481 3055 553 3121 τοῖς
584 3044 698 3123 αὐτοῖς
728 3047 898 3130 θεμελίοις
925 3045 943 3111 ὁ
973 3049 1055 3130 μετά
1084 3046 1141 3128 τῆν

144 3289 146 3293 ·
206 3275 223 3324 8
242 3273 308 3340 post
325 3269 416 3342 λέγειν
435 3271 584 3326 verborum
603 3273 671 3327 ordo
690 3273 795 3343 μειλίνη
811 3271 951 3342 repetitur
962 3273 1073 3400 (fartim
1085 3287 1141 3342 per-

135 3339 266 3394 turbatus
281 3342 363 3396 estA
418 3349 452 3396 14
469 3350 519 3398 τοῦ
534 3341 636 3412 χρόνον
652 3344 749 3400 αδδΒ
766 3346 771 3415 Ι
787 3343 801 3398 ὑ
817 3361 870 3398 om.
886 3345 960 3412 ΒΙλ
979 3347 1068 3414 φοςΒ
1098 3340 1141 3396 τό·

136 3426 190 3468 πος
207 3409 233 3460 R
305 3416 338 3464 1⁷
358 3408 445 3473 αὖθις
463 3407 595 3482 έπέοτηοε
615 3431 637 3469 ο.
656 3413 760 3469 Reiske
825 3420 858 3470 19
876 3413 1056 3488 τάχ<ι>ονΒ
1107 3418 1139 3466 21

137 3475 357 3547 κρηπ<ί>δοςΒ
430 3488 463 3535 22
483 3481 730 3553 όκταπέλεθροςΒ
803 3491 838 3538 24
857 3485 951 3555 ὀλίγον
970 3506 997 3540 τι
1015 3487 1067 3540 ΑΒ
