2400 3912
468 231 633 280 -Δ-
1017 227 1063 291 63

58 389 146 475 αὐτῆς
173 392 293 476 ἔτυχον
321 388 385 474 ἐμὼ
412 393 555 476 τρόπον,
583 391 628 468 ὡς
651 387 772 474 λέγεις,
801 384 883 475 μηθ’
905 390 970 456 ὑπὸ
993 400 1064 455 τῶν

56 495 291 581 μεσοβασιλέων
314 495 462 582 αἱρεθεὶς
485 499 565 582 μήτε
587 506 645 580 τῖης
668 499 792 581 βουλῆς
814 519 871 581 μοι
893 498 1062 581 παραδού-

57 619 107 687 σης
123 604 162 667 τδι
180 604 356 690 πράγματα
375 606 455 689 μητε
474 615 541 670 τῶν
561 605 672 669 ἄλλων
690 601 883 688 γενομένων
898 614 966 668 τῶν
979 605 1062 668 κατὰ

55 711 165 794 νόμον,
197 710 338 787 τούτους
368 710 472 775 ἀδικῶ
505 711 615 794 δήπου
643 707 697 774 καὶ
726 707 800 794 οὐχὶ
829 708 880 793 σε’,
913 708 969 775 καὶ
996 710 1062 775 ὑπὸ

54 816 171 880 τούτων
197 823 394 900 παυσθῆναι
423 817 550 893 δίκαιός
580 817 647 900 είμι
672 824 732 900 τῆς
759 815 875 902 ἀρχῆς,
907 816 968 900 οὐχ
996 815 1092 880 ὑπὸσ

55 917 120 987 σοῦ.Ι
160 917 235 988 ἀλλ’
269 923 346 988 οὔτε
377 924 519 1000 τούτους
551 917 626 988 οὔτ’
657 922 762 987 ίίλλον
794 921 917 988 οὐδένα
949 922 1099 988 ἀδικῶ.6

55 1028 169 1112 μάρτυς
192 1025 229 1093 δέ
252 1037 311 1112 τῆς
333 1028 370 1094 ἐκ
383 1029 486 1113 (τοῦ)
506 1029 639 1094 δικαίου
662 1027 792 1113 μοικαὶ
810 1032 884 1094 τότε
904 1029 1063 1111 δοθείσης

54 1131 100 1198 καλ
121 1142 186 1199 νῦν
207 1134 423 1220 ὑπαρχούσης
442 1133 593 1213 ἐξουσίας
611 1134 630 1200 δ
649 1137 780 1219 χρόνος,
804 1135 842 1200 ἐν
865 1126 1062 1224 ιβτετταρα-

54 1251 215 1306 κονταετεῖ
239 1244 393 1326 μεμονότι
415 1236 586 1326 Ῥωμαίων
616 1239 727 1319 οὐδεὶς
759 1242 906 1326 ἡγήσατό
934 1265 974 1327 με
996 1241 1063 1306 τό

52 1344 118 1409 ποτ’
146 1346 286 1431 ἀδικεῖν,
311 1331 385 1413 οὐδ’
407 1346 559 1431 ἐκβαλεῖν
582 1371 622 1432 με
645 1356 704 1432 τῆς
727 1347 830 1432 ἀρχῆς
852 1347 1062 1433 ἐπεχείρησεν
1077 1367 1105 1406 ιο

54 1449 121 1516 οὔθ’
146 1452 163 1518 ὁ
188 1455 293 1539 δῆμος
316 1449 396 1519 οὔθ’
417 1453 438 1537 ἡ
462 1456 575 1537 βουλη.

109 1557 243 1624 XXXV.
271 1553 357 1625 Ἀλλ’
380 1560 436 1625 ἵνα
457 1566 562 1624 ταῦτα
584 1555 680 1623 πάντ’
703 1557 778 1642 ἀφῶ
802 1556 857 1622 καὶ
881 1558 981 1642 ὁμόσε
999 1583 1063 1644 χω-

17 1666 133 1748 ῖεερήσω
166 1676 238 1743 τοῖς
270 1675 342 1744 σοῖς
371 1669 500 1749 λόχοις,
533 1671 567 1730 εί
594 1680 632 1730 σε
663 1666 947 1752 παρακαταθήκην
978 1687 1063 1730 παπ-

54 1768 137 1856 τβαν
170 1772 377 1857 ἀπεστέρουν
403 1770 459 1837 καὶ
487 1773 576 1857 παρδι
603 1772 712 1837 πάντα
737 1773 778 1835 τδι
806 1770 843 1836 ἐν
871 1771 1064 1857 ἀνθρώποις

54 1877 155 1944 δίκαια
188 1879 251 1962 την
280 1879 343 1962 σην
371 1880 544 1961 βασιλείαν
571 1887 738 1962 κατεῖχον,
767 1876 867 1962 ἐχρῆν
894 1892 932 1942 σε
958 1900 1063 1963 παρα·
1077 1893 1104 1936 15

53 1985 228 2068 γενόμενον
253 1982 307 2050 ἐπὶ
329 1987 408 2061 τοὺς
431 1985 618 2060 δεδωκότας
641 2007 699 2069 μοι
721 1985 783 2067 τὴν
806 1982 961 2061 ἐξουσίαν
985 1985 1063 2068 ἀμα-

53 2101 177 2156 υακτεῖν
199 2089 256 2156 καὶ
274 2101 472 2176 κατηγορεῖν
491 2089 574 2175 ἐμοῦ
592 2113 637 2172 τε,
661 2091 713 2155 ὅτι
730 2091 770 2154 τδι
789 2090 833 2174 μὴ
853 2093 1063 2174 προσήκοντα

53 2195 179 2282 κατέχω,
202 2195 349 2262 καὶτῶν
373 2198 578 2279 δεδωκότων,
604 2197 654 2261 ὅτι
672 2195 848 2279 τάλλότρια
867 2194 1062 2279 ἐχαρίσαντό

54 2322 116 2384 μοι·
155 2303 282 2390 ῥαδίως
315 2304 379 2387 μδιρ
412 2301 454 2366 δν
487 2299 619 2378 ἐπεισας
646 2301 782 2383 αὐτούς,
816 2306 850 2364 εῖ
872 2324 904 2364 τι
932 2302 1063 2367 δίκαιον

55 2403 129 2492 εἶχες
151 2407 272 2491 λέγειν.
310 2410 341 2474 εί
363 2405 400 2473 δέ
423 2409 530 2496 τούτῳ
550 2404 611 2493 μέν
630 2407 692 2472 οὐκ
711 2405 879 2484 ἐπίστευες
897 2414 942 2495 τῷ
962 2388 1106 2500 λόμςο,,20

54 2515 89 2578 οὐ
115 2517 252 2592 δικαίως
280 2510 310 2579 δ’
333 2516 497 2599 ἄρχεσθαι
523 2515 585 2598 την
607 2516 705 2578 πόλιν
729 2513 875 2599 ἐνόμιζες
897 2511 953 2580 ὑπ’
980 2513 1062 2599 ἐμοῦ

54 2619 101 2685 καὶ
131 2624 275 2688 σεαυτὸν
303 2622 569 2706 ἐπιτηδειότερον
590 2616 677 2686 εἶναι
700 2622 761 2705 την
785 2620 972 2707 ἐπιμέλειαν
994 2632 1063 2688 τῶν

53 2739 169 2794 κοινῶν
191 2732 413 2815 παραλαβεῖν,
437 2727 546 2793 ἐκεῖνα
568 2737 677 2793 ποιεῖν
700 2742 755 2792 σοι
777 2737 956 2815 προσῆκεν·
997 2726 1062 2807 ἐξέ-

53 2850 140 2900 τασιν
172 2845 241 2901 τῶν
274 2834 363 2921 ἐμῶν
394 2835 621 2920 ποιησόμενον
653 2833 894 2919 ἁμαρτημάτων
921 2831 977 2898 καὶ
1004 2817 1062 2910 τδις

55 2951 172 3006 σαυτοῦ
194 2940 329 3027 πράξεις
352 2941 662 3029 ἐξαριθμησάμενον
684 2945 798 3006 καλεῖν
821 2963 861 3025 με
884 2941 930 3016 είς
955 2940 1060 3004 διαδι-
1075 2957 1106 2996 251

54 3029 178 3112 xam‘aff
216 3044 264 3114 ὧν
288 3047 466 3133 οὐδέτερον
489 3046 661 3131 ἐποίησας,
685 3046 768 3112 ἀλλὰ
789 3046 963 3121 τοσούτοις
985 3047 1062 3131 χρό-

118 3211 133 3260 5
152 3206 334 3274 *ποιυθῆναι
352 3206 380 3274 (ο
398 3206 480 3274 eras.)
499 3205 523 3257 B
559 3207 711 3272 παυθῆναι
728 3204 754 3256 R
835 3209 850 3257 6
870 3199 975 3256 οὐδένα
995 3201 1060 3259 add.

55 3273 74 3326 B
142 3283 227 3332 ’ίτοῖ
247 3275 311 3331 add.
330 3275 432 3346 Pflugk
451 3275 547 3330 om.0
621 3271 862 3344 8τετταροίκοντα
882 3270 937 3327 ἔτει
954 3273 1000 3327 Ba
1036 3293 1060 3327 τ.

57 3341 96 3415 ἐτη
113 3347 160 3402 Bb
197 3353 466 3416 τετταρακονταετεῖ
479 3347 505 3400 R
540 3343 658 3415 τέτταρα
681 3344 730 3398 καλ
751 3351 1022 3412 τετταρακονταετεῖ
1037 3361 1061 3399 ο.

55 3414 191 3488 Xiessling
265 3425 297 3474 10
317 3417 511 3492 ἀδ<ικ>εῖνΒ
584 3423 616 3470 12
635 3411 721 3470 πάντ’
742 3415 848 3470 add.B
917 3421 950 3471 17
968 3415 1004 3470 τὰ
1023 3415 1065 3485 μη

56 3485 77 3540 Α
109 3489 144 3559 μὴ
163 3489 241 3544 τδιΒ
313 3495 347 3544 23
368 3485 459 3545 ἐκεῖνο
478 3505 501 3543 ο.
520 3487 664 3556 Kiessling
