2400 3912
124 373 257 454 λαβεῖν,
284 371 323 435 τὸ
350 365 388 436 δέ
410 379 481 446 τοῖς
502 375 597 446 θεοίς
620 365 822 436 δεκατευθὲν
846 368 1009 455 ἀργύριον
1032 391 1133 455 τετρα-
1182 365 1183 374 ’

124 478 250 542 κοσίων
273 475 315 542 ού
332 487 428 561 μείου
451 473 612 560 γενέσθαι
634 475 816 542 ταλάντων.

192 581 245 647 LI.
260 581 334 647 Ἔτι
351 577 384 647 δ’
402 581 440 648 έν
457 589 497 666 τῇ
512 579 647 666 Συέσσῃ
667 583 901 668 διατρίβοντος
914 581 1019 648 αὐτοῦ
1032 591 1133 668 παρῆν

125 710 176 765 τις
197 687 384 772 ἀγγέλλων,
412 689 464 754 ὅτι
486 689 647 771 Σαβίνων
670 687 691 771 ἡ
714 691 872 775 κρατίστη
895 689 1013 772 νεότης
1036 687 1134 772 ἐξελή-
1183 719 1184 726 ¹

98 799 211 860 ελυθε
233 792 290 859 καί
308 792 387 860 δυσὶ
405 794 561 878 μεγάλοις
579 795 823 881 στρατεύμασιν
840 795 888 872 είς
900 795 964 878 τήν
972 789 1134 879 Ῥωμαίων

125 901 317 986 ἐμβαλοῦσα
331 904 484 984 λεηλατεῖ
493 902 573 978 τοὺς
587 899 721 988 ἀγρούς,
735 900 756 985 ή
770 897 832 986 μέν
842 895 987 986 Ἤρητον
1000 903 1135 984 πλησίον

125 1004 252 1093 θεμένη
275 1007 335 1071 τὸν
357 1007 495 1093 χάρακα,
518 1006 539 1090 ή
564 1003 602 1073 δὲ
623 1005 700 1094 περὶ
718 1009 885 1093 Φιδήνην·
908 1007 965 1072 καὶ
983 1008 1015 1072 εί
1031 1009 1076 1092 μή
1094 1031 1135 1083 τις

126 1113 241 1190 αὐτοῖς
259 1113 401 1197 δύναμις
418 1111 711 1197 ἐναντιωθήσεται,
731 1115 839 1179 πάντα
858 1115 1027 1199 οίχήσεται
1043 1113 1134 1178 τάκεῖ.

90 1220 171 1296 2ὡς
189 1215 227 1284 δέ
245 1213 336 1285 ταῦτ’
356 1221 510 1304 ήκουσεν,
534 1219 571 1286 έν
590 1216 651 1304 μέν
669 1229 709 1306 τῇ
723 1218 859 1307 Συέσση
879 1221 987 1307 βραχύ
1001 1244 1034 1286 τι
1047 1244 1134 1287 κατα-

87 1343 113 1383 10
127 1327 232 1391 λείπει
254 1323 354 1412 μέρος
375 1333 434 1410 τῆς
456 1334 611 1411 στρατιᾶς
632 1325 673 1390 τά
696 1349 732 1391 τε
754 1326 890 1412 λάφυρα
908 1323 964 1391 καὶ
981 1326 1045 1409 τήν
1064 1325 1134 1391 άπο-

126 1433 250 1516 σκευήν
281 1431 462 1516 φυλάττειν
493 1431 837 1518 παρακελευσάμενος,
874 1432 936 1516 τήν
969 1429 1002 1496 δ’
1038 1435 1135 1516 άλλην

126 1540 272 1624 δύναμιν
291 1539 438 1618 εὔζωνον
456 1537 635 1622 ἀναλαβὼν
652 1533 734 1623 ήγεν
753 1535 807 1604 έπί
824 1540 904 1615 τοὺς
919 1539 1003 1624 πρὸς
1014 1533 1133 1624 Ἠρήτῳ

125 1647 526 1728 κατεστρατοπεδευκότας
553 1642 610 1710 καὶ
637 1648 767 1710 τίθεται
791 1644 852 1710 τὸν
873 1645 1003 1730 χάρακα
1025 1643 1135 1730 μετέω

127 1774 189 1835 ρον
220 1751 336 1833 ὀλίγον
364 1752 402 1815 τὸ
430 1748 551 1834 μεταξύ
578 1753 704 1836 χωρίον
732 1750 931 1832 καταλιπών.
978 1748 1081 1829 δόξαν
1102 1747 1169 1816 δέκα

86 1875 112 1915 ¹⁵
125 1867 196 1933 τοῖς
231 1855 371 1940 ἡγεμόσι
406 1865 474 1922 τῶν
506 1859 666 1940 Σαβίνων
703 1857 812 1942 μάχην
844 1855 953 1923 ἔωθεν
984 1859 1135 1923 τίθεσθαι

125 1961 434 2048 μεταπεμψαμένοις
455 1964 492 2029 τὸ
515 1962 552 2028 έν
569 1964 700 2049 Φιδήνη
720 1964 917 2049 στράτευμα,
941 1964 1064 2048 μαθὼν
1081 1964 1136 2046 τήν

127 2069 282 2134 διάνοιαν
309 2069 421 2135 αὐτῶν
449 2069 467 2134 ὁ
495 2069 694 2155 Ταρκύνιος
726 2067 811 2134 ἑάλω
839 2071 903 2156 γάρ
931 2070 1018 2136 δ’τδ
1040 2070 1136 2155 γράμ-
1187 2141 1188 2144 ¹

126 2200 213 2260 ματα
235 2178 379 2261 κομίζων
401 2177 491 2262 παρά
513 2186 581 2240 τῶν
605 2176 752 2241 αὐτόθεν
770 2175 945 2260 ἡγεμόνων
963 2179 1047 2264 πρὸς
1063 2179 1136 2253 τοὺς
1187 2159 1188 2168 ¹

126 2282 205 2348 έκεῖ·
230 2286 337 2371 σοφίᾳ,
352 2283 435 2369 πρὸς
450 2283 488 2347 τὸ
503 2283 636 2366 συμβὰν
650 2282 715 2347 ἀπὸ
728 2283 830 2366 τύχης
844 2282 1005 2369 έχρήσατο
1019 2285 1135 2371 τοιᾷδε.

86 2367 242 2482 ,3,νείμας
267 2391 330 2474 τήν
358 2390 504 2472 δύναμιν
532 2389 608 2472 διχή
635 2389 697 2471 τήν
724 2385 787 2473 μὲν
810 2386 927 2474 έτέραν
947 2389 1015 2456 ὑπὸ
1037 2391 1134 2456 νύκτα

125 2495 246 2580 πέμπει
273 2495 392 2561 λαθὼν
416 2489 496 2571 τοὺς
517 2497 697 2579 πολεμίους
719 2492 773 2560 ἐπὶ
795 2496 858 2579 τήν
882 2493 1054 2580 φέρουσαν
1075 2496 1135 2561 ἀπὸ

129 2603 279 2684 Φιδήνης
302 2600 395 2683 ὁδόν,
417 2601 479 2684 τήν
502 2597 533 2665 δ’
557 2599 673 2685 ἑτέραν
690 2601 760 2685 ἅμα
777 2609 823 2690 τῷ
842 2602 997 2687 λαμπράν
1015 2600 1136 2688 ἡμέραν

126 2706 287 2791 γενέσθαι
319 2708 481 2787 συντάξας
511 2716 658 2793 προῆγεν
690 2707 726 2773 ἐκ
758 2715 819 2773 τοῦ
850 2708 995 2795 χάρακος
1023 2709 1067 2785 ὡς
1092 2709 1135 2783 είς

126 2814 247 2900 μάχην·
293 2811 348 2878 καὶ
385 2814 420 2879 οί
435 2811 594 2898 ΙΣαβῖνοι
627 2816 869 2901 τεθαρρηκότες
900 2813 1135 2902 ἀντεπεξῄεσαν

85 2937 111 2978 2⁵
125 2922 205 2999 τούς
222 2942 258 2986 τε
275 2922 455 3004 πολεμίους
474 2919 515 2985 ού
532 2922 679 2997 πολλοὺς
697 2920 841 3005 ὁρωντες
857 2918 913 2986 καί
933 2923 995 3006 τήν
1014 2921 1134 2988 ἑαυτῶν

197 3133 319 3201 λμείων
338 3131 384 3184 Ba
420 3135 499 3200 μεῖον
517 3129 564 3184 Bb
628 3137 653 3186 4.
673 3136 715 3186 15.
734 3129 911 3204 Σαβ<ί>νων
929 3131 976 3186 Bb
995 3135 1080 3201 atque
1097 3129 1133 3183 sie

126 3218 236 3271 semper
298 3200 463 3272 ὅμεγάλοις
482 3200 588 3256 add.B
653 3209 677 3257 6.
698 3208 740 3256 12.
755 3200 877 3272 Ἠρήτου
895 3200 942 3256 Ba
974 3200 1074 3273 Ἰρίτου
1090 3199 1132 3253 Bb

127 3273 305 3342 7Φειδηνήν
324 3273 370 3326 Bb
443 3271 642 3345 8δύναμ<ι>ς
659 3272 706 3326 Bb
775 3273 941 3363 9ταύτριΒ
1003 3279 1037 3330 10
1055 3289 1133 3328 κατο-

127 3393 272 3471 οκευήυβ
363 3401 397 3448 14
416 3392 447 3449 δέ
466 3395 610 3464 Kiessling
646 3395 718 3451 τεΟ
808 3403 840 3452 16
860 3353 982 3466 φέιδηνη
1001 3398 1024 3451 Β
1043 3403 1066 3468 (ϊ
1081 3394 1131 3463 Bb)

128 3466 213 3529 atque
232 3477 273 3514 ωε
292 3479 401 3531 semper
438 3464 584 3532 φειδήνοις
601 3466 627 3518 Α
