2400 3912
575 165 740 214 ..Ε-

147 326 305 407 ράξαντες
337 324 498 409 ἐμάχοντο
531 333 641 389 πᾶσαν
674 323 853 408 εὐτολμίαν
880 322 936 390 καὶ
970 327 1139 409 προθυμίαν

146 433 432 517 ἀποδεικνύμενοι.

205 534 413 605 XXXVIIII.
447 536 592 622 Ἀγῶνος
628 537 665 602 δὲ
697 548 861 623 καρτεροῦ
892 537 1070 623 γενομένου
1096 537 1138 603 καὶ

144 655 205 710 τοῦ
229 645 341 724 δεξιοῦ
364 657 432 711 τῶν
451 641 620 730 Ῥωμαίων
643 645 790 731 κέρατος,
814 648 901 710 ἔνθα
923 642 967 730 ἦν
990 644 1138 728 δύπατος,

117 752 376 835 εέπιβαίνοντος
398 762 468 828 τοῖς
487 751 651 828 ἐναντίοις
668 749 724 818 καλ
742 750 942 837 προσωτέρω
961 759 1172 836 χωροῦντοςμεε

143 869 204 924 τοῦ
233 855 264 924 δ’
287 859 464 943 εὐωνύμου
493 859 678 943 κάμνοντος
702 860 767 942 ἤδη
791 857 846 923 καὶ
869 859 953 944 πρὸς
975 869 1042 922 τῶν
1062 864 1138 923 πολε·

144 971 231 1050 μίων
254 965 308 1031 ἐπὶ
330 967 390 1032 τὸν
412 966 562 1050 ποταμὸν
586 964 838 1049 ἐξωθουμένου,
867 966 989 1051 μαθὼν
1010 965 1047 1030 τὸ
1068 968 1138 1048 γινό

144 1096 248 1157 μενον
268 1073 285 1138 ὁ
303 1075 366 1157 τὴν
385 1071 500 1158 ἑτέραν
518 1083 586 1137 τῶν
595 1068 767 1157 Ῥωμαίων
784 1073 1001 1160 παρεμβολὴν
1014 1071 1138 1156 κατέχων

109 1179 268 1256 θύπατος
296 1179 390 1263 ἐξῆγε
417 1180 479 1262 τὴν
506 1180 674 1264 στρατιάν.
720 1179 820 1257 αὐτὸς
842 1177 904 1264 μὲν
928 1174 991 1245 οὐν
1014 1181 1073 1262 τὴν
1092 1180 1138 1263 φά-

103 1308 129 1346 10
143 1291 249 1369 λαγγα
276 1297 344 1352 τῶν
371 1288 478 1364 πεζῶν
501 1284 704 1370 ἐπαγόμενος
727 1287 836 1370 βάδην
859 1287 1056 1370 ἠκολούθει·
1088 1297 1138 1350 τῶν

143 1390 180 1457 δὲ
211 1392 447 1479 πρεσβυτέρων
474 1395 627 1478 Σπόριον
654 1393 805 1477 Λάρκιον
836 1394 896 1458 τὸν
928 1394 1139 1460 ὑπατεύσαντα

141 1509 187 1588 τῷ
220 1501 426 1584 παρελθόντι
457 1499 599 1587 ἐνιαυτῷ
632 1501 711 1578 τοὺς
744 1500 853 1576 ίππείς
885 1501 1012 1582 ἀγοντα
1041 1499 1138 1584 πέμπει

107 1683 109 1688 Ι
141 1608 223 1671 κατὰ
247 1608 414 1691 σπουδήν·
451 1606 487 1682 ὃς
511 1605 574 1673 ἀπὸ
597 1605 741 1691 ῥυτῆρος
762 1609 842 1683 τούς
864 1607 987 1684 ἵππους
1010 1607 1138 1672 ἐλαύνων

140 1715 200 1778 τόν
224 1735 258 1778 τε
281 1714 431 1797 ποταμὸν
456 1714 707 1799 διαπεραιοῦται
729 1715 919 1791 κωλύοντος
943 1714 1081 1790 οὐδενὸς
1100 1712 1138 1776 εὐ-

102 1839 128 1878 15
142 1831 248 1896 πετῶς
269 1819 325 1884 καὶ
347 1821 431 1885 κατά
452 1821 491 1885 τὸ
515 1819 625 1898 δεξιὸν
648 1831 715 1886 τῶν
734 1825 903 1905 πολεμίων
922 1821 1022 1906 κέρας
1040 1841 1139 1904 παριπ-

141 1928 280 2011 πεύσας,
309 1927 429 1993 ἐνσείει
455 1929 609 2012 πλαγίοις
637 1939 708 2004 τοῖς
735 1930 870 1995 ίππεῦσι
892 1940 961 1994 τῶν
984 1929 1137 2012 Σαβίνων·

140 2032 195 2098 καὶ
231 2039 359 2118 γίνεται
395 2033 498 2118 μέγας
534 2034 655 2100 αὐτόθι
691 2045 760 2100 τῶν
798 2033 925 2100 ίππέων
959 2033 1138 2120 ἀμφοτέρω
1174 2061 1175 2108 ι

105 2142 311 2223 3συστάδιχν
337 2140 535 2225 μαχομένων
558 2139 611 2206 ἐπὶ
634 2145 759 2226 χρόνον
781 2145 890 2208 πολὺν
913 2142 1015 2226 ἀγών.
1060 2140 1092 2206 έν
1128 2135 1137 2201 λ
1173 2147 1174 2190 λ

139 2249 246 2336 τούτῳ
279 2230 336 2313 καὶ
369 2247 400 2313 δ’
415 2251 606 2332 Ποστόμιος
636 2251 715 2326 τούς
747 2251 865 2328 πεζοὺς
894 2251 988 2332 ἀγων
1016 2251 1137 2330 πλησίον

99 2375 125 2414 20
139 2355 250 2422 αὐτῶν
279 2354 420 2438 έγίνετο·
457 2353 513 2420 καὶ
543 2354 710 2441 συρράξας
737 2365 807 2432 τοῖς
834 2359 943 2435 πεζοῖς
971 2355 1136 2421 ἀποκτείνει
1170 2387 1171 2434 I

138 2485 173 2526 τε
200 2465 346 2539 πολλοὺς
374 2460 582 2546 μαχομένους
609 2459 664 2526 καὶ
692 2465 772 2540 τοὺς
795 2465 934 2540 λοιποὺς
958 2462 1075 2541 έξωθεῑ
1095 2469 1135 2542 τίς
1169 2463 1170 2514 I

133 2568 267 2646 τάξεως.
304 2570 335 2632 εί
353 2565 389 2634 δὲ
409 2571 452 2653 μὴ
471 2567 532 2646 νύξ
552 2567 721 2652 ἐπέλαβεν,
745 2569 888 2647 ἅπαντες
906 2568 948 2634 ἀν
966 2571 1003 2634 οί
1013 2572 1145 2652 Σαβῖνοί

137 2674 367 2752 κυκλωθέντες
393 2675 459 2740 ὑπὸ
486 2685 554 2740 τῶν
573 2670 743 2760 Ῥωμαίων
773 2677 1068 2762 ίπποκρατούντων
1087 2676 1134 2757 ἤδη

138 2780 285 2847 πανσυδὶ
316 2782 559 2868 διεφθάρησαν.
606 2790 671 2847 νῦν
703 2779 740 2848 δὲ
767 2784 804 2848 τὸ
834 2785 951 2859 σκότος
979 2785 1059 2859 τοὺς
1083 2783 1135 2846 δια·

98 2907 123 2949 25
137 2892 309 2974 φυγόντας
337 2888 373 2954 ἐκ
399 2898 457 2972 τῆς
485 2891 590 2974 μάχης
617 2891 716 2966 ὄντας
744 2889 911 2967 ἀνόπλους
933 2887 990 2954 καί
1014 2889 1054 2954 οὐ
1075 2891 1134 2953 πολ-

208 3090 225 3137 4
243 3085 309 3153 post
327 3082 434 3145 ῦπατος
452 3082 571 3152 praebet
585 3082 760 3153 Ποστούμιος
773 3082 859 3150 ABb‚
879 3098 932 3139 om.
948 3082 996 3136 Ba
1051 3089 1081 3136 10
1097 3079 1130 3160 τὸν

136 3153 379 3279 ίὲλέβύξέούἀι
400 3153 581 3279 fi‘f‘ff‘v'I's
600 3154 722 3280 λῗάῗῖι
743 3151 1068 3280 ὅῶνιῑιῖλῗύῗέὲδέ
1087 3151 1131 3273 SI

139 3267 313 3361 μαχομένούς
331 3295 354 3347 Β
380 3268 548 3364 ’μαχόμενος
565 3297 591 3349 R
651 3302 686 3351 25
705 3304 754 3365 τῆς
772 3247 863 3366 μάχηά
881 3298 913 3351 οὐ
933 3297 1052 3359 πολλοὺς
1068 3293 1130 3350 ὄντας

140 3357 258 3428 ἐρύσατο
276 3365 325 3444 καὶ
343 3364 475 3445 διέσωσεν
494 3366 634 3430 ἀνόπλους
652 3366 736 3430 ὄντας
755 3363 802 3422 ἐπὶ
816 3367 850 3422 τά
865 3367 1026 3436 οἰκείαΒο,
1044 3367 1129 3445 ἱοιωςθ

139 3429 187 3482 Bb
217 3433 367 3500 adsenpmt
387 3453 458 3502 quae
476 3438 570 3492 textus
588 3438 706 3507 praebet
725 3441 811 3508 atque
830 3439 931 3494 eedem
949 3439 1061 3493 exstent
1076 3432 1129 3488 ωδ
