2400 3912
449 201 614 256 -Λ-
998 202 1094 268 91“

41 367 176 446 τελευτῆς
209 363 325 442 ὁποίας
357 365 488 449 ἔτυχεν,
522 361 635 448 ἐπειδὴ
663 365 766 452 δολίςο
793 360 824 429 τ’
856 364 962 450 ἀπάτη
986 362 1042 430 καὶ

42 472 270 555 στρατηγήματι
293 468 471 558 παραδόξῳ
494 470 730 556 κατειργάσθη,
756 467 800 536 δι’
823 471 948 556 ὀλίγων
966 471 1040 558 ἐρῶ.

91 574 176 642 LIII.
211 580 317 654 Πόλις
341 572 385 661 ἦν
408 576 444 643 ἐκ
466 585 527 642 τού
550 581 708 643 Λατίνων
730 576 850 661 γένους
869 575 1040 662 Ἀλβανῶν

41 681 193 760 ἀπόκτισις
222 681 390 768 ἀπέχουσα
418 692 478 768 τῆς
494 680 620 768 Ῥώμης
649 685 807 761 σταδίους
836 681 955 750 ἑκατὸν
987 681 1040 750 έπλ

40 797 82 872 τῆς
104 791 154 866 είς
177 793 390 875 Πραίνεστον
414 790 583 875 φερούσης
605 790 690 856 ὁδοῦ
712 788 860 876 κειμένη·
893 793 1066 874 Γαβίουςσ

40 895 126 979 αάτην
156 895 311 962 ἐκάλουν·
348 905 412 962 νῦν
441 894 502 982 μὲν
531 893 643 962 οὐκέτι
669 895 915 982 συνοικουμένη
938 905 1038 980 πᾶσα,

39 1002 106 1084 πλὴν
136 1002 199 1067 ὅσα
226 999 309 1087 μέρη
337 1003 578 1068 πανδοκεύεται
604 1004 687 1068 κατά
713 1003 775 1087 τὴν
804 1004 936 1086 δίοδον,
965 1005 1040 1068 τότε

38 1103 66 1171 δὲ
79 1108 345 1194 πολυάνθρωπος
364 1112 396 1176 εί
411 1112 470 1175 καί
480 1132 531 1187 τις
544 1110 627 1192 άλλη
642 1107 740 1194 <καλ>
754 1109 889 1194 μεγάλη.
922 1111 1039 1194 τεκμή-

37 1237 113 1296 ραιτο
148 1212 178 1279 δ’
205 1196 256 1280 ἀν’
278 1240 329 1294 τις
361 1216 464 1300 αὐτῆς
491 1218 529 1282 τὸ
557 1214 701 1300 μέγεθος
727 1213 783 1282 καὶ
810 1219 871 1300 τὴν
899 1215 1037 1294 ἀξίωσιν
1069 1209 1072 1214 ’

36 1319 148 1402 ἐρείπια
174 1323 385 1408 θεασάμενος
417 1324 533 1388 οἰκιῶν
564 1327 713 1407 πολλαχῇ
743 1319 798 1387 καὶ
825 1326 955 1408 τείχους
981 1323 1038 1387 κύ-
1053 1342 1079 1382 ιο

36 1431 116 1510 κλου,
146 1430 194 1493 ἔτι
221 1429 286 1515 γάρ
310 1427 447 1513 ἕστηκεν
470 1429 575 1494 αὐτοῦ
597 1431 638 1494 τά
659 1434 805 1495 πλείστα.
842 1431 890 1507 είς
911 1429 1072 1512 ταύτην2

17 1534 253 1620 λλσυνερρύησαν
277 1538 506 1620 Πωμεντίνων
529 1558 564 1601 τε
587 1547 655 1602 τῶν
679 1535 715 1602 ἐκ
737 1533 892 1620 Συέσσης
915 1536 1038 1619 διαφυ-

35 1643 149 1721 γόντων
176 1640 279 1724 τινές,
309 1642 362 1707 ὅτε
390 1644 452 1725 τὴν
475 1643 575 1706 πόλιν
598 1642 710 1708 αὐτῶν
737 1643 923 1727 Ταρκύνιος
944 1663 1038 1706 κατε-

35 1746 152 1830 λάβετο,
184 1745 338 1812 καὶτῶν
366 1747 403 1812 έκ
426 1743 551 1832 Ῥώμης
580 1747 744 1833 φυγάδων
774 1749 905 1833 συχνοί·
943 1741 1036 1812 οὗτοι

35 1853 172 1937 δεόμενοι
203 1851 260 1920 καὶ
287 1859 507 1939 λιπαροῦντες
533 1857 722 1940 τιμωρῆσαί
746 1870 842 1939 σφισι
869 1855 949 1930 τοὺς
972 1856 1036 1918 Γα-
1051 1873 1078 1914 15

34 1961 114 2040 βίους
134 1957 190 2026 καὶ
208 1961 334 2036 πολλάς
350 1959 614 2044 ὑπισχνούμενοι
634 1960 770 2045 δωρεάς,
795 1961 826 2025 εί
841 1956 1038 2024 κατέλθοιεν

33 2063 77 2129 ε’πλ
100 2067 139 2131 τά
162 2065 322 2152 σφέτερα,
351 2068 414 2150 τήν
436 2088 472 2131 τε
495 2066 677 2132 κατάλυσιν
699 2074 760 2131 τοῦ
783 2066 954 2151 τυράννου
979 2066 1037 2131 δυ-

33 2173 122 2256 νατὴν
154 2173 400 2258 ἀποφαίνοντες
429 2169 484 2236 καὶ
512 2171 649 2258 ῥᾳδίαν,
682 2172 727 2248 ὡς
754 2169 809 2236 καλ
835 2181 904 2236 τῶν
932 2157 973 2236 έν
996 2179 1036 2255 τῇ

31 2279 112 2344 πόλει
132 2277 407 2364 συλληψομένων,
432 2280 568 2343 ἔπεισαν
588 2278 710 2354 αὐτοὺς
728 2275 1037 2363 συμπροθυμηθέν-

31 2405 88 2448 τωυ
116 2385 171 2452 καὶ
205 2386 445 2452 Οὐολούσκων·
492 2383 757 2470 ἐπρεσβεύσαντο
790 2384 853 2467 γάρ
886 2382 1034 2448 κάκεῖνοι
1049 2405 1075 2444 ιο

32 2491 171 2574 δεόμενοι
190 2494 389 2577 συμμαχίας·
422 2492 482 2556 τὸν
500 2492 583 2556 κατά
600 2499 662 2556 τοῦ
680 2492 869 2575 Ταρκυνίου
887 2491 1035 2575 πόλεμον

33 2594 205 2681 ἀναλαβεῖν.
252 2598 405 2688 ἐγίνοντο
437 2597 478 2680 δὴ
508 2598 589 2681 μετά
618 2604 721 2662 ταῦτα
751 2596 907 2680 μεγάλοις
937 2600 1070 2681 στρα-3

30 2703 175 2787 νεύμασιν
203 2705 251 2781 είς
277 2704 340 2788 τὴν
363 2703 517 2786 ἀλλήλων
539 2712 604 2787 γῆν
627 2700 777 2798 εἰσβολαὶ
800 2699 856 2768 καλ
874 2704 1036 2787 καταδρο-

31 2805 81 2889 μαλ
102 2810 198 2895 μάχαι
219 2832 271 2893 τε,
300 2810 381 2894 ὅπερ
406 2811 508 2893 είκός,
531 2806 605 2875 τοτὲ
628 2806 689 2894 μὲν
713 2809 839 2892 ὀλίγοις
861 2811 945 2896 πρὸς
967 2809 1035 2888 ὀλί-

30 2936 111 2998 γους,
132 2914 204 2982 τοτὲ
228 2912 270 2985 δὲ,
288 2925 369 2981 πᾶσι
392 2917 475 3001 πρὸς
498 2917 634 2999 πάντας,
658 2916 696 2981 ἐν
719 2909 772 2993 αῖς
794 2915 952 2992 πολλάκις
970 2913 1032 2999 μέν
1047 2935 1074 2976 25
1175 2945 1176 2952 ε

32 3020 63 3082 οί
73 3022 181 3105 Γάβιοι
198 3025 279 3099 τοὺς
296 3018 478 3107 Ῥωμαίους
495 3023 697 3108 τρεψάμενοι
715 3020 811 3107 μέχρι
829 3032 897 3087 τῶν
914 3032 1033 3106 τειχῶν

94 3253 107 3300 2
127 3243 273 3320 ἐλαχίστων
296 3249 320 3302 Β
411 3256 427 3304 3
447 3245 479 3305 ἐκ
502 3251 568 3307 add.
586 3251 610 3304 B
701 3256 717 3304 8
736 3249 786 3304 καλ
804 3250 869 3306 add.
887 3250 1034 3321 Kiessling

33 3320 62 3368 12
78 3319 290 3388 νωμεντίνωνΑ
351 3325 384 3375 13
403 3320 613 3394 κατελάβετοΒ
650 3319 818 3393 κατεβάλετο
837 3321 863 3375 R
922 3329 955 3378 22
976 3319 1033 3393 έγί-

32 3404 104 3443 υυυιο
120 3391 142 3443 Β
177 3388 307 3462 ἐγένοντο
326 3392 352 3444 R
368 3396 372 3459 Ι
388 3401 469 3448 τοῦτο
488 3393 511 3446 Β
593 3401 626 3449 23
647 3392 790 3464 είςδρομαλ
808 3391 857 3448 καλ
876 3394 1032 3466 καταβολαὶ

33 3455 209 3528 θρεοολοτΒ
282 3467 318 3518 24
335 3462 406 3534 πρὸς
424 3464 534 3536 ὀλίγους
552 3465 616 3521 add.
634 3465 658 3518 B
