2400 3912
465 227 630 278 -Ε-
997 227 1061 292 197

58 385 201 464 καὶτοὺς
229 385 351 452 ἑαυτοῦ
377 390 514 463 πολίτας
543 385 605 453 οὐκ
632 391 684 452 εία
712 387 810 471 κύρια
835 381 983 456 εἶναιτὰ
1007 391 1062 456 δό-

59 493 145 572 ξαντα
165 503 236 570 τοῖς
259 495 373 571 ἄλλοις
394 493 560 578 ήγεῑσθαι.
597 493 723 576 ταύτην
746 492 908 580 ὀρρωδῶν
930 497 992 580 τῆν
1012 497 1097 564 δί-5

25 618 121 685 ιτικην·
154 601 223 666 ἔδει
246 600 310 688 γὰρ
333 599 438 684 αὐτὴν
461 600 527 666 ὑπὸ
550 610 618 667 τῶν
641 601 753 668 όίλλτον
777 601 982 687 δικασθῆναι
1003 607 1063 671 πό-

55 713 142 773 λιον·
178 707 359 793 ἀναλαβὼν
391 709 432 773 τὰ
463 709 615 793 χρήματα
647 705 703 774 καὶ
734 709 814 786 τοὺς
841 711 963 795 φίλους
991 721 1063 788 τοῖς

58 817 208 899 Ρυμαίοις
226 817 444 902 προστίθεται
462 814 570 901 βοπήν
588 813 618 881 τ’
637 815 678 882 οὐ
697 817 819 902 μικρὰν
838 818 886 894 είς
903 818 944 884 τὰ
958 818 1088 904 τραγ-5

53 944 129 1005 ματα
149 920 295 1008 παρέσχε
316 920 373 988 καὶ
395 931 457 988 τοῦ
478 928 744 1010 κατορθωθῆναι
766 924 865 989 τόνδε
888 924 949 990 τὸν
966 927 1063 992 πόλε-

53 1051 108 1111 μον
138 1027 296 1094 ἁπάντων
328 1026 444 1107 ἔδοξεν
476 1029 669 1108 αἰτιώτατος
697 1028 870 1114 γενέσθαι·
909 1028 989 1097 ἀνθ’
1016 1025 1064 1097 ὧν

51 1133 196 1219 ηβουλή
224 1132 280 1202 καὶ
313 1135 331 1201 ὁ
360 1136 463 1221 δῆμος
491 1142 538 1214 είς
565 1160 600 1202 τε
627 1138 708 1215 τοὺς
737 1139 932 1223 πατρικίους
959 1138 1063 1204 αὐτὸν

51 1239 204 1328 ἐνέγραψε
233 1240 290 1309 καὶ
321 1250 380 1327 τῆς
406 1245 534 1321 πόλεως
561 1253 683 1330 μοίραν
717 1249 828 1310 είασεν
855 1243 940 1328 ὅσην
967 1244 1063 1328 έβού-

50 1354 115 1414 λετο
149 1352 267 1433 λαβεῖν
301 1351 349 1427 είς
380 1351 588 1435 κατασκευήν
616 1352 733 1416 οίκιῶν
767 1351 881 1437 χώραν
914 1346 944 1415 τ’
971 1351 1062 1439 αὐτῷ
1077 1370 1103 1409 10

50 1453 253 1541 προσέθηκεν
276 1456 313 1523 ἐκ
334 1465 392 1540 τῆς
415 1458 577 1543 δημοσίας
599 1458 661 1541 την
684 1454 806 1542 μεταξὺ
832 1459 983 1542 Φιδήνης
1008 1455 1063 1525 καὶ

50 1565 216 1648 Πικετίας,
245 1563 290 1641 ὡς
317 1566 388 1649 ἔχοι
411 1565 580 1649 διανεῖμαι
602 1566 748 1650 κλήρους
770 1564 873 1630 ἅπασι
895 1562 1065 1650 τοῖςπερὶ

50 1669 155 1754 αὐτόν,
181 1667 240 1756 ἀφ’
260 1665 308 1737 ὧν
330 1667 387 1736 καὶ
411 1673 501 1755 φυλή
524 1693 574 1748 τις
592 1669 723 1754 ἐγένετο
743 1672 807 1736 σὺν
825 1673 936 1759 χρόνῳ
951 1674 1064 1736 Κλαυ·

31 1769 98 1840 ’δία
123 1775 316 1863 καλουμένη
344 1776 400 1844 καὶ
423 1775 536 1863 μέχρις
559 1776 642 1863 ἐμοῦ
665 1775 810 1862 διέμεινε
832 1779 869 1843 τὸ
894 1777 975 1844 αὐτὸ
999 1802 1064 1863 φυ·

47 1884 206 1952 λόττονσα
231 1886 346 1969 ὄνομα.
1076 1901 1102 1944 1⁵

21 2019 47 2070 38
108 1991 263 2058 XXXXI.
290 1989 382 2058 Ἐπεὶ
414 1990 453 2058 δὲ
483 1991 731 2078 παρεσκεύαστο
764 1992 893 2057 ἅπαντα
921 1990 1064 2078 ἀμφοτέ-

46 2121 128 2184 ροις,
151 2107 288 2186 πρῶτον
314 2095 375 2184 μὲν
399 2097 518 2183 ἐξῆγον
539 2099 575 2164 ολ
586 2101 732 2182 Σαβῖνοι
750 2099 809 2175 τὰς
827 2099 986 2183 δυνάμεις
1008 2095 1064 2166 καὶ

46 2213 222 2271 ποιοῦνται
235 2206 300 2271 δύο
313 2207 524 2292 παρεμβολὰς
538 2208 619 2290 μίαν
634 2201 696 2290 μὲν
710 2205 884 2291 ὕπαιθρον
897 2204 939 2270 οὐ
948 2207 1063 2290 πρόσω

47 2313 211 2396 Φιδήνης,
239 2309 355 2400 ἑτέραν
384 2306 414 2378 δ’
436 2312 473 2379 έν
497 2311 580 2398 αὐτῆ
606 2313 739 2398 Φιδήνη
763 2317 916 2396 φυλακῆς
938 2335 974 2377 τε
996 2321 1064 2378 τῶν

45 2420 142 2484 ἔνδον
171 2417 270 2484 ἕνεκα
298 2415 353 2484 καὶ
380 2428 573 2502 καταφυγῆς
600 2428 668 2484 τῶν
698 2417 759 2496 ἔξω
784 2417 1063 2503 στρατοπεδευόν-
1078 2434 1104 2480 20

43 2549 124 2610 των,
156 2527 201 2592 όίν
228 2548 262 2591 τι
288 2523 424 2610 γένηται
450 2535 597 2611 πταῖσμα
620 2523 696 2610 περὶ
719 2524 852 2602 αὐτούς’
897 2526 1008 2590 ἔπειτα
1031 2525 1067 2590 οί

44 2643 107 2698 τῶν
125 2629 301 2717 Ῥωμαίων
323 2633 444 2698 ὕπατοι
468 2635 635 2717 μαθόντες
658 2634 720 2716 τήν
743 2640 811 2696 τῶν
827 2632 988 2714 Σαβίνων
1011 2628 1066 2696 έπλ

44 2749 129 2824 σφᾶς
159 2742 276 2806 ἔλασιν
304 2736 361 2806 καὶ
388 2736 485 2805 αὐτοὶ
506 2740 634 2816 πάντας
656 2741 794 2823 όίγοντες
816 2741 895 2816 τοὺς
918 2738 955 2805 έν
969 2737 1065 2823 »ἀκμή

43 2846 366 2931 στρατοπεδεύονται
384 2843 486 2932 χωρὶς
500 2845 665 2929 ἀλλήλων,
686 2843 869 2931 Οὐαλέριος
882 2841 944 2929 μὲν
958 2844 1065 2930 ἀγχοῦ

43 2961 97 3036 τῆς
125 2953 303 3039 ὑπαίθρου
326 2962 393 3018 τῶν
417 2954 579 3035 Σαβίνων
601 2955 827 3038 παρεμβολῆς,
855 2953 1064 3037 Λουκρήτιος
1078 2965 1104 3008 ²⁵

44 3055 74 3122 δ’
96 3059 218 3144 ὀλίγον
241 3061 381 3125 ἄπωθεν
404 3056 454 3125 ἐπ’
477 3061 585 3144 όχθου
608 3061 715 3143 τινός,
738 3059 821 3123 ὅθεν
843 3052 887 3140 ἦν
911 3057 929 3123 ὁ
953 3056 1100 3143 ἕτερος2

42 3165 145 3252 χάραξ
171 3168 373 3252 καταφανής.
409 3165 430 3250 ἡ
453 3162 516 3251 μὲν
539 3161 602 3231 οὖν
624 3175 692 3230 τῶν
707 3161 878 3249 Ῥωμαίων
898 3163 1065 3247 ὑπόληψις

113 3365 131 3413 4
156 3365 216 3423 τοῖς
239 3356 382 3430 Ῥωμαίων
410 3361 607 3439 προςτίθεταιΙ
620 3358 747 3421 πολίταις
768 3357 794 3411 Α
838 3362 896 3420 τοῖς
918 3354 1065 3427 Ῥωμαίοις

42 3431 274 3500 προςτίθεταιΒ
318 3432 446 3493 πολίταις
470 3432 651 3499 superscnpt.
748 3434 780 3484 19
807 3425 885 3482 δδΒ
959 3433 993 3482 20
1015 3427 1065 3482 καλ

43 3517 95 3556 om.
114 3501 140 3555 B
217 3507 252 3558 θ’(
271 3500 455 3575 δποληψ<ις>
472 3499 520 3554 Bb
