2394 3912
466 223 627 274 ..ς.η

50 385 194 468 σπουδὴν
217 381 273 450 καὶ
295 386 469 470 πρόνοιαν.
510 391 613 448 ταῦτα
637 380 668 449 δ’
691 383 914 469 ἀπειργάσθαι
937 385 1060 468 συγκύ-

49 502 171 568 ύαντας
189 491 230 557 οὐ
249 492 328 568 τοὺς
346 490 581 577 χαριεστάτους
598 500 666 556 τῶν
684 493 878 574 πατρικίων,
902 490 1060 575 ὑβριστάς

50 595 86 662 δέ
104 619 196 674 τινας
218 595 275 662 καὶ
297 595 497 675 πλεονέκτας
514 595 590 683 περὶ
609 599 837 682 χρηματισμὸν
856 598 974 664 άδικον
993 600 1060 664 δει-

49 713 109 780 νῶς
140 703 402 788 ἐσπουδακότας,
436 706 472 769 οδ
494 706 584 795 ,πρὸς
616 707 702 770 πολὺ
731 704 896 789 διάφορον
924 700 979 769 καὶ
1007 702 1060 770 ἐπὶ

50 810 199 893 μεγάλοις
231 807 413 877 δανεισθὲν
444 812 556 887 τόκοις
587 811 694 876 πολλὰ
725 811 1087 895 καταδουλωσάμενοι5

51 899 190 982 πολιτῶν
223 919 374 1002 σώματα,
406 918 538 994 τούτοις
563 911 595 981 τ’
624 917 714 1002 ώμάς
740 916 796 982 καὶ
824 917 1062 1004 ὑπερηφάνους

50 1022 190 1107 ἀνάγκας
217 1023 481 1110 προσφέροντες,
502 1022 686 1114 ,ἀλλότριον
716 1023 877 1108 ἐποίησαν
902 1022 1062 1107 γενέσθαι

50 1137 101 1212 της
135 1129 389 1214 ἀριστοκρατίας
421 1130 509 1195 άπαυ
541 1131 579 1196 τὸ
613 1131 809 1215 δημοτικόν,
847 1129 995 1215 ἑταιρίαν
1026 1153 1062 1196 τε

51 1234 290 1318 συστησάμενοι
312 1235 368 1302 καί
391 1237 512 1320 ταύτης
535 1233 769 1314 ἀναδείξαντες
782 1235 927 1303 ’Ἀππιον
951 1239 1062 1304 Κλαύ-

52 1341 119 1406 διον
141 1340 305 1427 ηγεμόυα,
336 1343 524 1428 μισόδημον
546 1343 654 1429 ἀνδρα
676 1326 732 1409 καί
754 1343 984 1429 ὀλιγαρχικόν,
1013 1341 1058 1407 δι’
1077 1359 1103 1400 1⁰

51 1445 174 1514 ἐκείνου
193 1448 301 1518 πάντα
320 1450 469 1536 φύρουσι
487 1451 528 1514 τὰ
541 1450 716 1535 πράγματα
730 1457 787 1534 της
801 1452 935 1526 πόλεως.
969 1441 1020 1525 οἷς
1033 1450 1065 1514 εί

52 1554 89 1637 μη
107 1555 144 1619 τὸ
168 1564 372 1640 σωφρονοῦν
390 1553 490 1642 μέρος
507 1564 566 1639 τῆς
583 1559 707 1640 βουλῆς
725 1555 880 1641 ἐμποδών
899 1557 1062 1639 στήσεται,

51 1661 257 1727 κινδυνεύειν
276 1658 359 1747 ὑπὲρ
380 1662 658 1748 ἀνδραποδισμοῦ
676 1685 769 1740 τινος
782 1661 837 1728 καί
850 1669 1064 1745 κατασκαφῆς

9 1767 107 1850 κίστην
129 1770 238 1833 πόλιν.
275 1772 438 1834 τελευτῶν
462 1762 493 1832 δ’
516 1767 709 1852 ἀπεφήνατο
734 1770 912 1834 συνδοκεῖν
936 1775 974 1852 τῇ
993 1771 1064 1832 Με·

52 1875 166 1956 υηνίου
190 1879 338 1958 χρῆσθαι
360 1873 488 1959 γνώμη,
511 1871 567 1939 καί
589 1874 651 1957 την
674 1875 854 1960 πρεσβείαν
872 1873 968 1970 ἠξίου
984 1871 1064 1958 πέμ·
1078 1889 1103 1930 1⁵

52 2001 119 2045 πειν
144 1982 201 2046 διά
224 1978 365 2065 ταχέων·
398 1981 477 2056 τοὺς
501 1975 532 2044 δ’
552 1980 680 2065 ἀνδρας
704 1978 929 2064 ἀφικομένους
951 1990 1063 2064 πειρά-

53 2091 128 2162 ,σθαι
156 2082 219 2170 μὲν
242 2085 287 2162 ὡς
309 2086 490 2170 βούλονται
512 2086 765 2151 καταλύσασθαι
787 2088 849 2171 την
872 2087 1006 2169 στάσιν,
1035 2089 1066 2150 εί

54 2187 86 2256 δὲ
113 2195 158 2277 μὴ
188 2194 298 2276 διδοίη
327 2213 376 2270 τις
405 2193 533 2275 αὐτοῖς,
564 2191 585 2255 ά
613 2193 808 2275 βούλονται,
842 2192 1000 2276 δέχεσθαι
1024 2195 1065 2258 τὰ
1079 2236 1098 2271 3

54 2297 218 2384 διδόμενα.

114 2405 253 2470 LVIIII.
275 2408 372 2472 Μετὰ
386 2413 507 2472 τοῦτον
521 2403 641 2490 ἀνέστη
657 2402 793 2488 κληθεὶς
804 2403 943 2482 ’Ἁππιος
952 2407 1064 2470 Κλαύ-
1079 2421 1106 2462 20

55 2510 120 2588 διος
143 2511 162 2576 ὁ
185 2521 244 2596 τῆς
266 2510 525 2597 ἐναντιουμένης
542 2519 588 2600 τῷ
609 2513 703 2599 δημηι
723 2512 869 2588 στάσεως
888 2511 1064 2598 <ηγεμὼν>

55 2615 133 2704 ἀνὴρ
157 2617 240 2702 μέγα
264 2628 404 2702 φρονῶν
428 2615 480 2702 ἐφ’
503 2617 609 2706 ἑαυτῷ
632 2616 689 2684 καὶ
711 2616 802 2684 τοῦτ’
830 2620 891 2685 οὐκ
915 2620 997 2686 ἀνευ
1017 2621 1066 2685 δι-
1120 2668 1125 2680 ,

54 2726 142 2802 καίας
172 2723 309 2808 πάσχων
340 2725 458 2800 αἰτίας
492 2724 510 2789 ὅ
540 2747 575 2790 τε
604 2726 668 2808 γάρ
700 2725 786 2802 ίδιος
812 2725 917 2792 αὐτοῦ
945 2729 1019 2809 βίος
1047 2726 1065 2792 ὁ

56 2827 126 2894 καθ’
148 2828 275 2915 ἡμέραν
299 2831 446 2917 σώφρων
468 2829 524 2896 καὶ
547 2832 668 2915 σεμνὸς
690 2825 749 2914 ἦν,
772 2832 794 2914 ἥ
816 2853 851 2896 τε
874 2835 1080 2918 προαίρεσιςΙ

56 2945 116 2998 τῶν
138 2937 388 3021 πολιτευμάτων
407 2937 545 3020 εύγενης
563 2936 674 3002 καὶτὸ
694 2936 820 3022 ἀξίωμα
840 2937 990 3016 σώζουσα
1008 2947 1067 3023 τῆς
1080 2953 1106 2994 25

124 3129 344 3200 Ιάπείργασται
363 3127 385 3182 Β
402 3131 407 3198 Ι
423 3129 691 3202 συγκαλύψαντεςΑ
719 3129 992 3254 συ<γὲκύψαντεςΒ
1050 3135 1065 3184 5
1126 3201 1130 3204 -

57 3198 233 3262 δανείσαντες
251 3217 274 3255 o.
293 3199 398 3254 Reiske
479 3206 496 3256 8
515 3200 771 3326 ἀριστοκραρη>ίας
895 3208 927 3256 11
947 3199 1067 3272 φέρουσι

58 3266 77 3320 Ο
112 3270 233 3340 φύρουσι
251 3271 356 3326 Reiske
413 3277 446 3326 13
466 3272 661 3327 κινδυνεύσειν
699 3271 765 3328 obet
780 3271 845 3327 obs.
860 3290 888 3340 p.
905 3278 956 3328 124
972 3279 975 3338 1
991 3292 1067 3335 τινος
1186 3295 1187 3300 ’

59 3341 124 3394 εστ.
141 3347 174 3396 15
193 3342 273 3410 ἠξίου
293 3342 348 3398 del.
367 3339 443 3398 idem
504 3350 536 3398 16
551 3341 747 3412 ἀφικομένους
766 3339 813 3398 ἐπὶ
830 3343 861 3397 τὸ
877 3342 1067 3414 στρατόπεδον

59 3425 78 3462 ο.
96 3410 237 3482 Kiessling
294 3419 327 3467 21
347 3413 458 3483 ἡγεμὼν
478 3413 541 3469 add.
561 3413 664 3470 Reiske
719 3419 754 3469 24
772 3417 838 3483 post
856 3415 975 3486 σώφρων
995 3432 1066 3471 eras.

36 3535 40 3544 ,
59 3476 93 3534 ών
111 3481 133 3534 Β
149 3487 153 3552 1
169 3482 347 3556 προαιρέσεις
365 3484 411 3538 Βει
