2400 3912
616 167 622 192 ι

572 209 733 259 -Ε-

106 369 387 454 3καταφρονησει
410 351 643 455 ἐπιτρέψαντες
666 367 908 454 ἀνατραπῆναι·
946 370 1096 451 Βροῦτον
1115 365 1139 431 δὲ

141 478 271 542 πείθων
294 477 338 560 μὴ
362 469 432 560 μετ’
454 475 613 560 αἰσχύνης
636 474 691 540 καὶ
708 479 986 560 προπηλακισμοῦ
1004 475 1065 538 τὸν
1081 489 1140 537 σνν-

142 582 288 667 άρχοντα
313 590 372 665 τῆς
395 582 555 667 πατρίδος
578 573 745 666 ἐκβαλεῖν,
774 578 851 667 μεθ’
874 577 915 646 οὑ
939 582 980 645 τά
1003 580 1140 665 κράτιστα

141 685 225 774 ὑπὲρ
257 697 315 772 τῆς
346 691 473 765 πόλεως
505 687 721 772 ἐβούλευσεν·
763 685 836 754 ἀλλ’
863 687 922 753 ἐὰν
951 687 1054 763 αὐτὸς
1080 687 1140 751 ὑπο-

115 793 225 881 ιμένη
254 796 316 879 την
339 795 445 880 ἀρχὴν
469 792 661 861 ἀποθέσθαι
684 791 739 860 καὶ
762 801 944 880 παραχωρῇ
964 801 1025 877 τῆς
1048 797 1141 878 πωρί-

143 903 202 978 δος
225 900 327 984 ἑκών,
349 905 411 986 τήν
434 895 466 966 τ’
493 902 613 966 οὐσίαν
637 900 727 989 αὐτῷ
750 910 861 967 πᾶσαν
884 899 1059 986 ἐπιτρέψαι
1080 902 1142 964 κατὰ

142 1008 267 1093 σχολὴν
295 1007 605 1091 ἀνασκευάσασθαι,
637 1006 693 1074 καὶ
723 1007 759 1073 ἐκ
786 1016 848 1073 τοῦ
872 1009 1039 1093 δημοσίου
1061 1023 1142 1092 προσ-

143 1116 260 1179 θεῖναί
287 1137 363 1179 τινα
396 1115 541 1199 δωρεάν,
577 1115 633 1179 ἵνα
664 1115 882 1199 παραμύθιον
909 1115 966 1198 ἐχη
995 1122 1054 1196 τῆς
1080 1129 1143 1196 σομ-

144 1229 252 1305 φοράς
274 1221 336 1304 τὴν
358 1222 448 1305 παρὰ
470 1230 531 1286 τοῦ
555 1222 666 1305 δήμου
687 1221 794 1307 χάριν.

107 1354 133 1393 10
209 1326 282 1392 XII.
319 1331 431 1392 Ταῦτα
457 1336 519 1394 τοῦ
546 1326 670 1413 ἀνδρὸς
693 1325 894 1412 ἀμφοτέροις
915 1333 1176 1412 παραινοῦντοςλθ

142 1430 198 1498 καὶ
220 1443 288 1498 τῶν
311 1438 458 1499 πολιτῶν
476 1433 725 1500 ἐπαινεσάντων
742 1435 803 1499 τὸν
822 1435 936 1517 λόγον,
960 1433 978 1498 ὁ
998 1429 1060 1517 μέν
1073 1435 1144 1496 Κολ-

143 1544 277 1616 λατῖνος
303 1542 410 1608 πολλὰ
437 1543 752 1626 κατολοφυρόμενος
779 1538 915 1622 ἑαυτόν,
944 1541 976 1604 εί
1004 1540 1059 1604 διὰ
1080 1555 1144 1620 συγ-

143 1657 251 1730 γενῶν
288 1649 383 1713 ἐλεον
420 1646 565 1713 ἐκλιπεῖν
598 1646 891 1730 ἀναγκασθήσεται
923 1646 986 1730 τὴν
1018 1646 1144 1730 πατρίδα

144 1749 249 1837 μηδὲν
277 1752 417 1837 ἀδικῶν,
447 1754 641 1819 ἀποτίθεται
667 1754 730 1838 τὴν
752 1753 866 1838 ἀρχήν.
908 1752 926 1818 ὑ
952 1747 990 1817 δὲ
1012 1754 1146 1835 Βροῦτος

109 1834 319 1960 Ξέπαινίσας
354 1861 459 1927 αὐτὸν
491 1860 536 1937 ὡς
567 1861 608 1924 τὰ
638 1859 797 1944 κράτιστα
828 1857 883 1924 καὶ
915 1858 1146 1944 συμφορώτατα
1184 1815 1185 1872 ἀ

145 1961 250 2052 ἑαυτῷ
278 1987 313 2030 τε
335 1966 391 2032 καὶ
412 1975 453 2053 τῇ
476 1969 570 2032 πόλει
593 1964 861 2050 βεβουλευμένον
884 1966 1060 2051 παρεκάλει
1082 1957 1144 2048 μήτ’

145 2070 233 2160 αὐτῷ
263 2074 342 2157 μήτε
368 2081 408 2157 τῇ
435 2074 571 2158 πατρίδι
598 2083 828 2157 μνησικακεῖν·
865 2070 982 2156 ἑτέραν
1005 2068 1043 2136 δὲ
1064 2093 1147 2156 μετα-

144 2180 290 2262 λαβόντα
309 2184 440 2262 οίκησιν
453 2180 515 2263 τὴν
528 2177 812 2264 καταλειπομένην
829 2179 974 2265 πατρίδα
992 2178 1145 2261 ἡγεῖσθαι,

145 2286 289 2369 μηδενὸς
325 2283 401 2370 μήτ’
434 2288 536 2371 ἔργον
573 2288 654 2369 μήτε
690 2288 795 2368 λόγου
830 2294 1061 2350 κοινωνοῦντα
1089 2294 1147 2357 τοῖς

109 2417 135 2454 νο
146 2390 281 2476 ἐχθροῖς
303 2387 375 2456 κατ’
391 2391 505 2478 αὐτῆς·
527 2394 566 2457 τὸ
590 2390 621 2457 δ’
640 2392 720 2457 ὅλον
740 2391 931 2476 ἀποδημίαν
949 2392 1146 2475 ὑπολαβόντα

145 2497 206 2580 τὴν
230 2499 482 2580 μετανάστασιν,
506 2499 567 2564 οὑκ
591 2497 767 2584 ἐξορισμὸν
791 2494 872 2564 οὐδὲ
895 2501 1020 2582 φυγήν,
1043 2493 1146 2581 τὸμὲν

149 2611 243 2685 σῶμα
270 2606 359 2691 παρὰ
387 2617 457 2682 τοῖς
483 2604 744 2690 ὑποδεξαμένοις
770 2606 874 2689 ἐχειν,
899 2607 963 2690 τὴν
991 2601 1029 2671 δὲ
1050 2603 1145 2688 ψυχὴν

145 2709 234 2792 παρά
247 2720 317 2787 τοῖς
333 2711 575 2796 προπέμπουσι.
599 2721 701 2778 ταῦτα
721 2710 754 2777 δ’
777 2710 989 2797 ὑποθέμενος
1002 2720 1048 2800 τῷ
1062 2703 1145 2792 ἀνδρὶ

145 2817 256 2880 πείθει
282 2817 342 2882 τὸν
371 2820 479 2903 δῆμον
507 2824 612 2884 είκοσι
638 2819 812 2884 ταλάντων
840 2820 960 2884 δοῦναι
984 2819 1073 2906 αὐτῷ
1095 2818 1145 2880 δω-

217 2980 233 3026 4
252 2971 322 3044 ὑπὲρ
345 2982 393 3044 τῆς
415 2974 521 3038 πόλεως
538 2976 561 3029 Β
597 2983 646 3043 τῆς
666 2977 801 3044 πατρίδος
819 2976 845 3028 R
918 2971 1144 3045 ’ίμετανασκευά-

145 3047 252 3098 σασθαι
271 3047 295 3097 Α
331 3045 584 3101 ἀνασκευάσασθαι
602 3046 625 3099 Β
716 3052 750 3099 10
768 3044 995 3116 παραινέσαντος
1018 3064 1041 3100 c.
1059 3044 1145 3100 (δοκεῖ

146 3113 211 3169 Οὑε.
230 3134 257 3184 p.
277 3123 325 3171 54·
403 3123 435 3170 12
455 3116 720 3187 κατολοφυράμενος
741 3133 763 3173 c.
783 3116 873 3172 Cobet
892 3117 956 3176 Obs.
976 3135 1004 3188 p.
1020 3124 1054 3173 98
1121 3119 1145 3167 13

147 3181 285 3239 ἐκλείπειν
303 3186 326 3238 Β
342 3189 347 3254 Ι
364 3185 439 3249 ἔλεος
458 3187 632 3256 Grmberger
646 3188 812 3256 Philologus
830 3191 899 3244 tom,
914 3195 948 3244 28
964 3192 1057 3257 (1869)
1071 3207 1096 3257 p.
1105 3191 1144 3240 341

183 3259 216 3305 15
236 3253 415 3324 συμφέροντα
436 3256 489 3311 ΑΒ
531 3259 736 3328 συμφορώτατα
759 3258 862 3312 Reiske
953 3265 987 3314 16
1006 3278 1037 3314 τε
1059 3257 1106 3312 καί
1120 3284 1145 3296 -

147 3322 299 3387 παρεκάλει
318 3341 372 3379 om.
391 3325 438 3379 Ba
512 3333 545 3382 1⁷
564 3329 639 3399 αὐτῷ
659 3327 727 3397 μήτε
747 3345 799 3383 om.
819 3329 866 3382 Ba
882 3333 885 3396 Ι
902 3327 1095 3401 μεταβαλόντα
1111 3325 1146 3379 Bb

149 3390 297 3508 Ροῖῗῃρὺσ
319 3388 464 3463 ἐξορισμὸν
483 3395 546 3452 οὑτε
564 3396 588 3449 Β
605 3401 609 3465 Ι
630 3397 847 3467 ὑποδεξαμένοις
865 3429 899 3440 -
918 3397 1115 3470 προπέμψουιι
1129 3411 1145 3447 0.
