<?xml version="1.0" encoding="UTF-8"?>
<!DOCTYPE html PUBLIC "-//W3C//DTD XHTML 1.0 Transitional//EN"
    "http://www.w3.org/TR/xhtml1/DTD/xhtml1-transitional.dtd">
<html xmlns="http://www.w3.org/1999/xhtml" xml:lang="en" lang="en">
 <head>
  <title>
</title>
<meta http-equiv="Content-Type" content="text/html;charset=utf-8" />
  <meta name='ocr-system' content='tesseract 3.04.00' />
  <meta name='ocr-capabilities' content='ocr_page ocr_carea ocr_par ocr_line ocrx_word'/>
</head>
<body>
  <div class='ocr_page' id='page_1' title='image "./antiquitatumrom01jacogoog_0067.png"; bbox 0 0 2400 3912; ppageno 0'>
   <div class='ocr_carea' id='block_1_1' title="bbox 118 181 717 250">
    <p class='ocr_par' dir='ltr' id='par_1_1' title="bbox 118 181 717 250">
     <span class='ocr_line' id='line_1_1' title="bbox 118 181 717 250; baseline 0 0"><span class='ocrx_word' id='word_1_1' title='bbox 118 181 166 250; x_wconf 82' lang='grc' dir='ltr'><strong><em>ιε</em></strong></span> <span class='ocrx_word' id='word_1_2' title='bbox 550 187 717 238; x_wconf 76' lang='grc' dir='ltr'><strong><em>-Δ-</em></strong></span> 
     </span>
    </p>
   </div>
   <div class='ocr_carea' id='block_1_2' title="bbox 77 343 1189 3313">
    <p class='ocr_par' dir='ltr' id='par_1_2' title="bbox 77 343 1189 3313">
     <span class='ocr_line' id='line_1_2' title="bbox 121 343 1143 432; baseline -0.004 -19"><span class='ocrx_word' id='word_1_3' title='bbox 121 345 178 414; x_wconf 79' lang='grc' dir='ltr'><strong><em>καδ</em></strong></span> <span class='ocrx_word' id='word_1_4' title='bbox 204 350 364 432; x_wconf 88' lang='grc' dir='ltr'><strong><em>προσήκει</em></strong></span> <span class='ocrx_word' id='word_1_5' title='bbox 392 370 448 431; x_wconf 93' lang='grc' dir='ltr'><strong><em>μοι</em></strong></span> <span class='ocrx_word' id='word_1_6' title='bbox 475 347 627 432; x_wconf 78' lang='grc' dir='ltr'><strong><em>καθάπερ</em></strong></span> <span class='ocrx_word' id='word_1_7' title='bbox 654 343 710 412; x_wconf 85' lang='grc' dir='ltr'><strong><em>καὶ</em></strong></span> <span class='ocrx_word' id='word_1_8' title='bbox 738 355 808 424; x_wconf 85' lang='grc' dir='ltr'><strong><em>τοῖς</em></strong></span> <span class='ocrx_word' id='word_1_9' title='bbox 834 346 949 423; x_wconf 80' lang='grc' dir='ltr'><strong><em>ἀλλοις</em></strong></span> <span class='ocrx_word' id='word_1_10' title='bbox 975 354 1048 423; x_wconf 83' lang='grc' dir='ltr'><strong><em>τοῖς</em></strong></span> <span class='ocrx_word' id='word_1_11' title='bbox 1071 344 1143 410; x_wconf 90' lang='grc' dir='ltr'><strong><em>δια-</em></strong></span> 
     </span>
     <span class='ocr_line' id='line_1_3' title="bbox 124 451 1142 542; baseline -0.002 -24"><span class='ocrx_word' id='word_1_12' title='bbox 124 453 315 538; x_wconf 78' lang='grc' dir='ltr'><em>δεχομένοις</em></span> <span class='ocrx_word' id='word_1_13' title='bbox 332 455 372 518; x_wconf 86' lang='grc' dir='ltr'><strong><em>τδ</em></strong></span> <span class='ocrx_word' id='word_1_14' title='bbox 390 461 545 542; x_wconf 77' lang='grc' dir='ltr'><strong><em>παππῷα,</em></strong></span> <span class='ocrx_word' id='word_1_15' title='bbox 569 453 613 537; x_wconf 87' lang='grc' dir='ltr'><strong><em>μή</em></strong></span> <span class='ocrx_word' id='word_1_16' title='bbox 633 455 739 538; x_wconf 94' lang='grc' dir='ltr'><strong><em>μόνον</em></strong></span> <span class='ocrx_word' id='word_1_17' title='bbox 758 463 826 518; x_wconf 80' lang='grc' dir='ltr'><strong><em>τῶν</em></strong></span> <span class='ocrx_word' id='word_1_18' title='bbox 844 451 1034 538; x_wconf 73' lang='grc' dir='ltr'><strong><em>χρημάτων,</em></strong></span> <span class='ocrx_word' id='word_1_19' title='bbox 1058 451 1142 516; x_wconf 83' lang='grc' dir='ltr'><strong><em>ἀλλά</em></strong></span> 
     </span>
     <span class='ocr_line' id='line_1_4' title="bbox 88 555 1143 645; baseline -0.006 -15"><span class='ocrx_word' id='word_1_20' title='bbox 88 559 179 630; x_wconf 61' lang='lat' dir='ltr'><strong><em>maz</em></strong></span> <span class='ocrx_word' id='word_1_21' title='bbox 205 570 263 644; x_wconf 82' lang='grc' dir='ltr'><strong><em>τῆς</em></strong></span> <span class='ocrx_word' id='word_1_22' title='bbox 289 563 458 644; x_wconf 88' lang='grc' dir='ltr'><strong><em>βασιλείας</em></strong></span> <span class='ocrx_word' id='word_1_23' title='bbox 486 560 591 626; x_wconf 85' lang='grc' dir='ltr'><strong><em>αὐτοῦ</em></strong></span> <span class='ocrx_word' id='word_1_24' title='bbox 613 564 843 645; x_wconf 75' lang='grc' dir='ltr'><strong><em>κληρονομεῖν.</em></strong></span> <span class='ocrx_word' id='word_1_25' title='bbox 889 561 933 625; x_wconf 81' lang='grc' dir='ltr'><strong><em>σὺ</em></strong></span> <span class='ocrx_word' id='word_1_26' title='bbox 956 555 995 624; x_wconf 73' lang='grc' dir='ltr'><strong><em>δέ</em></strong></span> <span class='ocrx_word' id='word_1_27' title='bbox 1017 555 1143 643; x_wconf 77' lang='grc' dir='ltr'><strong><em>τὰμὲν</em></strong></span> 
     </span>
     <span class='ocr_line' id='line_1_5' title="bbox 122 661 1143 752; baseline -0.002 -20"><span class='ocrx_word' id='word_1_28' title='bbox 122 669 270 752; x_wconf 90' lang='grc' dir='ltr'><strong><em>χρήματα</em></strong></span> <span class='ocrx_word' id='word_1_29' title='bbox 305 667 347 732; x_wconf 89' lang='grc' dir='ltr'><strong><em>τδι</em></strong></span> <span class='ocrx_word' id='word_1_30' title='bbox 379 664 644 750; x_wconf 79' lang='grc' dir='ltr'><strong><em>καταλειφθέντα</em></strong></span> <span class='ocrx_word' id='word_1_31' title='bbox 675 661 731 732; x_wconf 82' lang='grc' dir='ltr'><strong><em>ὑπ’</em></strong></span> <span class='ocrx_word' id='word_1_32' title='bbox 766 666 872 732; x_wconf 87' lang='grc' dir='ltr'><strong><em>αὐτοῦ</em></strong></span> <span class='ocrx_word' id='word_1_33' title='bbox 903 663 1143 751; x_wconf 78' lang='grc' dir='ltr'><strong><em>παραδέδωκάς</em></strong></span> 
     </span>
     <span class='ocr_line' id='line_1_6' title="bbox 95 770 1141 858; baseline 0.002 -24"><span class='ocrx_word' id='word_1_34' title='bbox 95 793 190 856; x_wconf 86' lang='grc' dir='ltr'><strong><em>ιμοι,</em></strong></span> <span class='ocrx_word' id='word_1_35' title='bbox 212 771 277 857; x_wconf 85' lang='grc' dir='ltr'><strong><em>τήν</em></strong></span> <span class='ocrx_word' id='word_1_36' title='bbox 298 770 335 839; x_wconf 76' lang='grc' dir='ltr'><strong><em>δὲ</em></strong></span> <span class='ocrx_word' id='word_1_37' title='bbox 358 776 531 857; x_wconf 88' lang='grc' dir='ltr'><strong><em>βασιλείαν</em></strong></span> <span class='ocrx_word' id='word_1_38' title='bbox 549 772 742 858; x_wconf 77' lang='grc' dir='ltr'><strong><em>ἀποστερεῖς</em></strong></span> <span class='ocrx_word' id='word_1_39' title='bbox 760 796 800 857; x_wconf 92' lang='grc' dir='ltr'><strong><em>με</em></strong></span> <span class='ocrx_word' id='word_1_40' title='bbox 819 770 875 838; x_wconf 83' lang='grc' dir='ltr'><strong><em>καὶ</em></strong></span> <span class='ocrx_word' id='word_1_41' title='bbox 893 781 1057 838; x_wconf 85' lang='grc' dir='ltr'><strong><em>τοσοῦτον</em></strong></span> <span class='ocrx_word' id='word_1_42' title='bbox 1076 772 1141 855; x_wconf 85' lang='grc' dir='ltr'><strong><em>ήδη</em></strong></span> 
     </span>
     <span class='ocr_line' id='line_1_7' title="bbox 120 878 1140 966; baseline -0.003 -20"><span class='ocrx_word' id='word_1_43' title='bbox 120 879 266 965; x_wconf 78' lang='grc' dir='ltr'><strong><em>κατέχεις</em></strong></span> <span class='ocrx_word' id='word_1_44' title='bbox 289 882 422 966; x_wconf 85' lang='grc' dir='ltr'><strong><em>χρόνον,</em></strong></span> <span class='ocrx_word' id='word_1_45' title='bbox 447 879 509 945; x_wconf 86' lang='grc' dir='ltr'><strong><em>οὐκ</em></strong></span> <span class='ocrx_word' id='word_1_46' title='bbox 532 879 568 946; x_wconf 82' lang='grc' dir='ltr'><strong><em>ἐκ</em></strong></span> <span class='ocrx_word' id='word_1_47' title='bbox 585 889 646 946; x_wconf 88' lang='grc' dir='ltr'><strong><em>τοῦ</em></strong></span> <span class='ocrx_word' id='word_1_48' title='bbox 666 881 798 945; x_wconf 90' lang='grc' dir='ltr'><strong><em>δικαίου</em></strong></span> <span class='ocrx_word' id='word_1_49' title='bbox 818 879 948 962; x_wconf 81' lang='grc' dir='ltr'><strong><em>λαβών·</em></strong></span> <span class='ocrx_word' id='word_1_50' title='bbox 981 878 1140 963; x_wconf 78' lang='grc' dir='ltr'><strong><em>οὔτεγὰρ</em></strong></span> 
     </span>
     <span class='ocr_line' id='line_1_8' title="bbox 121 984 1189 1080; baseline 0.001 -30"><span class='ocrx_word' id='word_1_51' title='bbox 121 988 353 1070; x_wconf 77' lang='grc' dir='ltr'><strong><em>μεσοβασιλεῖς</em></strong></span> <span class='ocrx_word' id='word_1_52' title='bbox 385 1003 421 1052; x_wconf 88' lang='grc' dir='ltr'><strong><em>σε</em></strong></span> <span class='ocrx_word' id='word_1_53' title='bbox 454 984 644 1070; x_wconf 73' lang='grc' dir='ltr'><strong><em>ἀπέδειξαν,</em></strong></span> <span class='ocrx_word' id='word_1_54' title='bbox 678 987 754 1053; x_wconf 83' lang='grc' dir='ltr'><strong><em>οὔτε</em></strong></span> <span class='ocrx_word' id='word_1_55' title='bbox 787 984 852 1069; x_wconf 87' lang='grc' dir='ltr'><strong><em>&lt;ή&gt;</em></strong></span> <span class='ocrx_word' id='word_1_56' title='bbox 884 986 991 1069; x_wconf 89' lang='grc' dir='ltr'><strong><em>βουλή</em></strong></span> <span class='ocrx_word' id='word_1_57' title='bbox 1024 995 1140 1070; x_wconf 81' lang='grc' dir='ltr'><strong><em>ψῆφον</em></strong></span> <span class='ocrx_word' id='word_1_58' title='bbox 1188 1043 1189 1080; x_wconf 35' lang='grc' dir='ltr'><strong><em>ρ</em></strong></span> 
     </span>
     <span class='ocr_line' id='line_1_9' title="bbox 121 1088 1139 1178; baseline 0.001 -22"><span class='ocrx_word' id='word_1_59' title='bbox 121 1088 205 1178; x_wconf 73' lang='grc' dir='ltr'><strong><em>ὑπὲρ</em></strong></span> <span class='ocrx_word' id='word_1_60' title='bbox 239 1099 301 1157; x_wconf 87' lang='grc' dir='ltr'><strong><em>σοῦ</em></strong></span> <span class='ocrx_word' id='word_1_61' title='bbox 330 1093 517 1176; x_wconf 79' lang='grc' dir='ltr'><strong><em>διήνεγκεν,</em></strong></span> <span class='ocrx_word' id='word_1_62' title='bbox 550 1093 627 1158; x_wconf 85' lang='grc' dir='ltr'><strong><em>οὔτε</em></strong></span> <span class='ocrx_word' id='word_1_63' title='bbox 655 1092 881 1178; x_wconf 74' lang='grc' dir='ltr'><strong><em>ἀρχαιρεσίαις</em></strong></span> <span class='ocrx_word' id='word_1_64' title='bbox 905 1096 1060 1178; x_wconf 82' lang='grc' dir='ltr'><strong><em>νομίμοις</em></strong></span> <span class='ocrx_word' id='word_1_65' title='bbox 1084 1102 1139 1175; x_wconf 86' lang='grc' dir='ltr'><strong><em>τῆς</em></strong></span> 
     </span>
     <span class='ocr_line' id='line_1_10' title="bbox 123 1197 1189 1286; baseline 0.002 -22"><span class='ocrx_word' id='word_1_66' title='bbox 123 1197 273 1276; x_wconf 78' lang='grc' dir='ltr'><strong><em>ἐξουσίας</em></strong></span> <span class='ocrx_word' id='word_1_67' title='bbox 304 1199 424 1282; x_wconf 83' lang='grc' dir='ltr'><strong><em>ταύτης</em></strong></span> <span class='ocrx_word' id='word_1_68' title='bbox 454 1202 581 1285; x_wconf 82' lang='grc' dir='ltr'><strong><em>ἔτυχες,</em></strong></span> <span class='ocrx_word' id='word_1_69' title='bbox 613 1199 658 1276; x_wconf 80' lang='grc' dir='ltr'><strong><em>ὡς</em></strong></span> <span class='ocrx_word' id='word_1_70' title='bbox 686 1199 705 1264; x_wconf 88' lang='grc' dir='ltr'><strong><em>ό</em></strong></span> <span class='ocrx_word' id='word_1_71' title='bbox 731 1200 864 1276; x_wconf 83' lang='grc' dir='ltr'><strong><em>πάππος</em></strong></span> <span class='ocrx_word' id='word_1_72' title='bbox 890 1221 926 1264; x_wconf 90' lang='grc' dir='ltr'><strong><em>τε</em></strong></span> <span class='ocrx_word' id='word_1_73' title='bbox 954 1199 1059 1286; x_wconf 79' lang='grc' dir='ltr'><strong><em>οὑμὸς</em></strong></span> <span class='ocrx_word' id='word_1_74' title='bbox 1087 1197 1189 1282; x_wconf 63' lang='grc' dir='ltr'><strong><em>καίίλλ,</em></strong></span> 
     </span>
     <span class='ocr_line' id='line_1_11' title="bbox 82 1305 1189 1393; baseline 0.011 -27"><span class='ocrx_word' id='word_1_75' title='bbox 82 1325 110 1366; x_wconf 77' lang='grc' dir='ltr'><strong><em>ιο</em></strong></span> <span class='ocrx_word' id='word_1_76' title='bbox 124 1305 244 1384; x_wconf 82' lang='grc' dir='ltr'><strong><em>πάντες</em></strong></span> <span class='ocrx_word' id='word_1_77' title='bbox 276 1306 311 1370; x_wconf 88' lang='grc' dir='ltr'><strong><em>οί</em></strong></span> <span class='ocrx_word' id='word_1_78' title='bbox 339 1307 404 1392; x_wconf 89' lang='grc' dir='ltr'><strong><em>πρὸ</em></strong></span> <span class='ocrx_word' id='word_1_79' title='bbox 437 1306 542 1374; x_wconf 85' lang='grc' dir='ltr'><strong><em>αὐτοῦ</em></strong></span> <span class='ocrx_word' id='word_1_80' title='bbox 573 1311 749 1393; x_wconf 90' lang='grc' dir='ltr'><strong><em>γενόμενοι</em></strong></span> <span class='ocrx_word' id='word_1_81' title='bbox 781 1312 942 1392; x_wconf 84' lang='grc' dir='ltr'><strong><em>βασιλεῖς·</em></strong></span> <span class='ocrx_word' id='word_1_82' title='bbox 989 1311 1075 1378; x_wconf 79' lang='grc' dir='ltr'><strong><em>ἀλλὰ</em></strong></span> <span class='ocrx_word' id='word_1_83' title='bbox 1103 1313 1136 1378; x_wconf 86' lang='grc' dir='ltr'><strong><em>τὸ</em></strong></span> <span class='ocrx_word' id='word_1_84' title='bbox 1187 1317 1189 1346; x_wconf 68' lang='lat'><strong>¹</strong></span> 
     </span>
     <span class='ocr_line' id='line_1_12' title="bbox 121 1414 1189 1506; baseline 0.001 -22"><span class='ocrx_word' id='word_1_85' title='bbox 121 1415 277 1485; x_wconf 72' lang='grc' dir='ltr'><strong><em>ἀνέστιον</em></strong></span> <span class='ocrx_word' id='word_1_86' title='bbox 303 1414 357 1484; x_wconf 79' lang='grc' dir='ltr'><strong><em>καὶ</em></strong></span> <span class='ocrx_word' id='word_1_87' title='bbox 386 1418 514 1505; x_wconf 83' lang='grc' dir='ltr'><strong><em>δίπορον</em></strong></span> <span class='ocrx_word' id='word_1_88' title='bbox 541 1414 597 1483; x_wconf 79' lang='grc' dir='ltr'><strong><em>καὶ</em></strong></span> <span class='ocrx_word' id='word_1_89' title='bbox 623 1419 707 1506; x_wconf 90' lang='grc' dir='ltr'><strong><em>πρὸς</em></strong></span> <span class='ocrx_word' id='word_1_90' title='bbox 729 1421 907 1497; x_wconf 78' lang='grc' dir='ltr'><strong><em>καταδίκας</em></strong></span> <span class='ocrx_word' id='word_1_91' title='bbox 929 1418 950 1503; x_wconf 84' lang='grc' dir='ltr'><strong><em>ή</em></strong></span> <span class='ocrx_word' id='word_1_92' title='bbox 975 1417 1056 1506; x_wconf 87' lang='grc' dir='ltr'><strong><em>χρέα</em></strong></span> <span class='ocrx_word' id='word_1_93' title='bbox 1080 1422 1136 1504; x_wconf 85' lang='grc' dir='ltr'><strong><em>τήν</em></strong></span> <span class='ocrx_word' id='word_1_94' title='bbox 1187 1419 1189 1494; x_wconf 63' lang='grc' dir='ltr'><em>ἕ</em></span> 
     </span>
     <span class='ocr_line' id='line_1_13' title="bbox 122 1501 1189 1616; baseline 0 -24"><span class='ocrx_word' id='word_1_95' title='bbox 122 1525 286 1610; x_wconf 78' lang='grc' dir='ltr'><strong><em>ἐπιτιμίαν</em></strong></span> <span class='ocrx_word' id='word_1_96' title='bbox 314 1525 524 1603; x_wconf 83' lang='grc' dir='ltr'><strong><em>ἀπολωλεκὸς</em></strong></span> <span class='ocrx_word' id='word_1_97' title='bbox 551 1532 677 1611; x_wconf 87' lang='grc' dir='ltr'><strong><em>φῦλον,</em></strong></span> <span class='ocrx_word' id='word_1_98' title='bbox 705 1519 732 1616; x_wconf 74' lang='grc' dir='ltr'><em>ᾧ</em></span> <span class='ocrx_word' id='word_1_99' title='bbox 759 1537 828 1593; x_wconf 81' lang='grc' dir='ltr'><strong><em>τῶν</em></strong></span> <span class='ocrx_word' id='word_1_100' title='bbox 850 1537 975 1593; x_wconf 82' lang='grc' dir='ltr'><strong><em>κοινῶν</em></strong></span> <span class='ocrx_word' id='word_1_101' title='bbox 999 1527 1135 1604; x_wconf 85' lang='grc' dir='ltr'><strong><em>οὐδενὸς</em></strong></span> <span class='ocrx_word' id='word_1_102' title='bbox 1187 1501 1189 1530; x_wconf 31' lang='lat'>1</span> 
     </span>
     <span class='ocr_line' id='line_1_14' title="bbox 121 1632 1189 1720; baseline 0.002 -24"><span class='ocrx_word' id='word_1_103' title='bbox 121 1633 225 1717; x_wconf 87' lang='grc' dir='ltr'><strong><em>ἐμελε,</em></strong></span> <span class='ocrx_word' id='word_1_104' title='bbox 244 1635 574 1718; x_wconf 72' lang='grc' dir='ltr'><strong><em>καταμισθοδοτήσας</em></strong></span> <span class='ocrx_word' id='word_1_105' title='bbox 592 1632 648 1699; x_wconf 85' lang='grc' dir='ltr'><strong><em>καὶ</em></strong></span> <span class='ocrx_word' id='word_1_106' title='bbox 663 1633 770 1699; x_wconf 78' lang='grc' dir='ltr'><strong><em>πάντα</em></strong></span> <span class='ocrx_word' id='word_1_107' title='bbox 783 1636 910 1720; x_wconf 85' lang='grc' dir='ltr'><strong><em>τρόπον</em></strong></span> <span class='ocrx_word' id='word_1_108' title='bbox 925 1635 1132 1718; x_wconf 80' lang='grc' dir='ltr'><strong><em>διαφθείρας,</em></strong></span> <span class='ocrx_word' id='word_1_109' title='bbox 1187 1651 1189 1714; x_wconf 62' lang='grc' dir='ltr'><strong><em>χ</em></strong></span> 
     </span>
     <span class='ocr_line' id='line_1_15' title="bbox 120 1735 1189 1828; baseline 0 -24"><span class='ocrx_word' id='word_1_110' title='bbox 120 1737 176 1804; x_wconf 81' lang='grc' dir='ltr'><strong><em>καὶ</em></strong></span> <span class='ocrx_word' id='word_1_111' title='bbox 205 1735 283 1804; x_wconf 72' lang='grc' dir='ltr'><strong><em>οὐδὲ</em></strong></span> <span class='ocrx_word' id='word_1_112' title='bbox 305 1743 379 1805; x_wconf 86' lang='grc' dir='ltr'><strong><em>τότε</em></strong></span> <span class='ocrx_word' id='word_1_113' title='bbox 402 1738 515 1824; x_wconf 87' lang='grc' dir='ltr'><strong><em>μέντοι</em></strong></span> <span class='ocrx_word' id='word_1_114' title='bbox 539 1748 649 1828; x_wconf 78' lang='grc' dir='ltr'><strong><em>σαυτῷ</em></strong></span> <span class='ocrx_word' id='word_1_115' title='bbox 672 1741 828 1825; x_wconf 76' lang='grc' dir='ltr'><strong><em>πράττειν</em></strong></span> <span class='ocrx_word' id='word_1_116' title='bbox 851 1741 913 1824; x_wconf 89' lang='grc' dir='ltr'><strong><em>τήν</em></strong></span> <span class='ocrx_word' id='word_1_117' title='bbox 937 1741 1133 1806; x_wconf 88' lang='grc' dir='ltr'><strong><em>δυναστείαν</em></strong></span> <span class='ocrx_word' id='word_1_118' title='bbox 1188 1779 1189 1816; x_wconf 57' lang='lat'>1</span> 
     </span>
     <span class='ocr_line' id='line_1_16' title="bbox 81 1840 1189 1932; baseline 0 -23"><span class='ocrx_word' id='word_1_119' title='bbox 81 1861 107 1902; x_wconf 77' lang='lat'><strong><em>1⁵</em></strong></span> <span class='ocrx_word' id='word_1_120' title='bbox 121 1843 238 1929; x_wconf 83' lang='grc' dir='ltr'><strong><em>λέγων,</em></strong></span> <span class='ocrx_word' id='word_1_121' title='bbox 262 1840 334 1911; x_wconf 89' lang='grc' dir='ltr'><strong><em>ἀλλ’</em></strong></span> <span class='ocrx_word' id='word_1_122' title='bbox 355 1846 435 1932; x_wconf 79' lang='grc' dir='ltr'><strong><em>ἡμῖν</em></strong></span> <span class='ocrx_word' id='word_1_123' title='bbox 455 1845 616 1931; x_wconf 81' lang='grc' dir='ltr'><strong><em>φυλάξειν</em></strong></span> <span class='ocrx_word' id='word_1_124' title='bbox 634 1849 861 1931; x_wconf 85' lang='grc' dir='ltr'><strong><em>σκηπτόμενος</em></strong></span> <span class='ocrx_word' id='word_1_125' title='bbox 878 1846 1045 1931; x_wconf 86' lang='grc' dir='ltr'><strong><em>ὀρφανοῖς</em></strong></span> <span class='ocrx_word' id='word_1_126' title='bbox 1064 1841 1132 1912; x_wconf 82' lang='grc' dir='ltr'><strong><em>οὖσι</em></strong></span> <span class='ocrx_word' id='word_1_127' title='bbox 1188 1845 1189 1932; x_wconf 73' lang='grc' dir='ltr'><strong><em>ή</em></strong></span> 
     </span>
     <span class='ocr_line' id='line_1_17' title="bbox 120 1943 1188 2038; baseline 0 -22"><span class='ocrx_word' id='word_1_128' title='bbox 120 1949 175 2016; x_wconf 78' lang='grc' dir='ltr'><strong><em>καί</em></strong></span> <span class='ocrx_word' id='word_1_129' title='bbox 202 1953 349 2035; x_wconf 84' lang='grc' dir='ltr'><strong><em>νηπίοις,</em></strong></span> <span class='ocrx_word' id='word_1_130' title='bbox 377 1950 429 2018; x_wconf 83' lang='grc' dir='ltr'><strong><em>ἐπὶ</em></strong></span> <span class='ocrx_word' id='word_1_131' title='bbox 458 1954 498 2018; x_wconf 87' lang='grc' dir='ltr'><strong><em>τδι</em></strong></span> <span class='ocrx_word' id='word_1_132' title='bbox 525 1953 700 2038; x_wconf 80' lang='grc' dir='ltr'><strong><em>πράγματα</em></strong></span> <span class='ocrx_word' id='word_1_133' title='bbox 726 1958 897 2038; x_wconf 78' lang='grc' dir='ltr'><strong><em>παρῆλθες</em></strong></span> <span class='ocrx_word' id='word_1_134' title='bbox 924 1950 980 2018; x_wconf 85' lang='grc' dir='ltr'><strong><em>καὶ</em></strong></span> <span class='ocrx_word' id='word_1_135' title='bbox 1003 1955 1131 2019; x_wconf 77' lang='grc' dir='ltr'><strong><em>πάντων</em></strong></span> <span class='ocrx_word' id='word_1_136' title='bbox 1187 1943 1188 2030; x_wconf 73' lang='grc' dir='ltr'><strong><em>ή</em></strong></span> 
     </span>
     <span class='ocr_line' id='line_1_18' title="bbox 121 2041 1187 2144; baseline 0 -22"><span class='ocrx_word' id='word_1_137' title='bbox 121 2057 314 2124; x_wconf 84' lang='grc' dir='ltr'><strong><em>ἀκουόντων</em></strong></span> <span class='ocrx_word' id='word_1_138' title='bbox 343 2058 540 2143; x_wconf 80' lang='grc' dir='ltr'><strong><em>ὡμολόγεις,</em></strong></span> <span class='ocrx_word' id='word_1_139' title='bbox 568 2059 649 2124; x_wconf 81' lang='grc' dir='ltr'><strong><em>ὅταν</em></strong></span> <span class='ocrx_word' id='word_1_140' title='bbox 672 2041 904 2144; x_wconf 82' lang='grc' dir='ltr'><strong><em>ἀνδρωθῶμεν</em></strong></span> <span class='ocrx_word' id='word_1_141' title='bbox 926 2059 1037 2144; x_wconf 77' lang='grc' dir='ltr'><strong><em>ἡμεῖς,</em></strong></span> <span class='ocrx_word' id='word_1_142' title='bbox 1065 2057 1131 2143; x_wconf 77' lang='grc' dir='ltr'><strong><em>ἐμοὶ</em></strong></span> <span class='ocrx_word' id='word_1_143' title='bbox 1186 2043 1187 2130; x_wconf 49' lang='lat' dir='ltr'>l</span> 
     </span>
     <span class='ocr_line' id='line_1_19' title="bbox 84 2164 1130 2252; baseline -0.002 -21"><span class='ocrx_word' id='word_1_144' title='bbox 84 2165 329 2251; x_wconf 85' lang='grc' dir='ltr'><strong><em>3παραδώσειν</em></strong></span> <span class='ocrx_word' id='word_1_145' title='bbox 358 2165 431 2230; x_wconf 82' lang='grc' dir='ltr'><strong><em>ὄντι</em></strong></span> <span class='ocrx_word' id='word_1_146' title='bbox 458 2164 671 2252; x_wconf 77' lang='grc' dir='ltr'><strong><em>πρεσβυτέρῳ</em></strong></span> <span class='ocrx_word' id='word_1_147' title='bbox 699 2167 762 2248; x_wconf 88' lang='grc' dir='ltr'><strong><em>τήν</em></strong></span> <span class='ocrx_word' id='word_1_148' title='bbox 789 2165 905 2250; x_wconf 87' lang='grc' dir='ltr'><strong><em>ἀρχήν.</em></strong></span> <span class='ocrx_word' id='word_1_149' title='bbox 951 2164 1054 2252; x_wconf 88' lang='grc' dir='ltr'><strong><em>ἐχρήν</em></strong></span> <span class='ocrx_word' id='word_1_150' title='bbox 1075 2164 1130 2250; x_wconf 73' lang='grc' dir='ltr'><strong><em>μὲν</em></strong></span> 
     </span>
     <span class='ocr_line' id='line_1_20' title="bbox 121 2259 1185 2357; baseline -0.001 -20"><span class='ocrx_word' id='word_1_151' title='bbox 121 2266 184 2337; x_wconf 87' lang='grc' dir='ltr'><strong><em>οὖν</em></strong></span> <span class='ocrx_word' id='word_1_152' title='bbox 208 2287 256 2355; x_wconf 91' lang='grc' dir='ltr'><strong><em>σε,</em></strong></span> <span class='ocrx_word' id='word_1_153' title='bbox 280 2273 312 2336; x_wconf 85' lang='grc' dir='ltr'><strong><em>εί</em></strong></span> <span class='ocrx_word' id='word_1_154' title='bbox 332 2271 372 2337; x_wconf 87' lang='grc' dir='ltr'><strong><em>τδι</em></strong></span> <span class='ocrx_word' id='word_1_155' title='bbox 396 2273 508 2336; x_wconf 89' lang='grc' dir='ltr'><strong><em>δίκαια</em></strong></span> <span class='ocrx_word' id='word_1_156' title='bbox 526 2282 636 2337; x_wconf 82' lang='grc' dir='ltr'><strong><em>ποιεῖν</em></strong></span> <span class='ocrx_word' id='word_1_157' title='bbox 654 2273 790 2355; x_wconf 88' lang='grc' dir='ltr'><strong><em>ήθελες,</em></strong></span> <span class='ocrx_word' id='word_1_158' title='bbox 815 2272 869 2336; x_wconf 83' lang='grc' dir='ltr'><strong><em>ὅτε</em></strong></span> <span class='ocrx_word' id='word_1_159' title='bbox 887 2294 945 2357; x_wconf 92' lang='grc' dir='ltr'><strong><em>μοι</em></strong></span> <span class='ocrx_word' id='word_1_160' title='bbox 962 2274 1025 2338; x_wconf 91' lang='grc' dir='ltr'><strong><em>τὸν</em></strong></span> <span class='ocrx_word' id='word_1_161' title='bbox 1043 2267 1129 2338; x_wconf 81' lang='grc' dir='ltr'><strong><em>οἷκον</em></strong></span> <span class='ocrx_word' id='word_1_162' title='bbox 1184 2259 1185 2328; x_wconf 66' lang='grc' dir='ltr'><strong><em>δ</em></strong></span> 
     </span>
     <span class='ocr_line' id='line_1_21' title="bbox 78 2377 1128 2462; baseline 0.006 -27"><span class='ocrx_word' id='word_1_163' title='bbox 78 2397 106 2436; x_wconf 79' lang='grc' dir='ltr'><strong><em>ω</em></strong></span> <span class='ocrx_word' id='word_1_164' title='bbox 119 2387 180 2442; x_wconf 86' lang='grc' dir='ltr'><strong><em>τοῦ</em></strong></span> <span class='ocrx_word' id='word_1_165' title='bbox 211 2379 347 2443; x_wconf 78' lang='grc' dir='ltr'><strong><em>πάππου</em></strong></span> <span class='ocrx_word' id='word_1_166' title='bbox 379 2378 596 2461; x_wconf 90' lang='grc' dir='ltr'><strong><em>παρεδίδους,</em></strong></span> <span class='ocrx_word' id='word_1_167' title='bbox 628 2379 695 2461; x_wconf 78' lang='grc' dir='ltr'><strong><em>ἅμα</em></strong></span> <span class='ocrx_word' id='word_1_168' title='bbox 721 2387 792 2455; x_wconf 86' lang='grc' dir='ltr'><strong><em>τοῖς</em></strong></span> <span class='ocrx_word' id='word_1_169' title='bbox 818 2379 964 2462; x_wconf 93' lang='grc' dir='ltr'><strong><em>χρήμασι</em></strong></span> <span class='ocrx_word' id='word_1_170' title='bbox 992 2377 1048 2444; x_wconf 80' lang='grc' dir='ltr'><strong><em>καὶ</em></strong></span> <span class='ocrx_word' id='word_1_171' title='bbox 1073 2380 1128 2461; x_wconf 89' lang='grc' dir='ltr'><strong><em>τήν</em></strong></span> 
     </span>
     <span class='ocr_line' id='line_1_22' title="bbox 119 2463 1183 2569; baseline 0.002 -23"><span class='ocrx_word' id='word_1_172' title='bbox 119 2486 292 2565; x_wconf 91' lang='grc' dir='ltr'><strong><em>βασιλείαν</em></strong></span> <span class='ocrx_word' id='word_1_173' title='bbox 320 2481 565 2549; x_wconf 75' lang='grc' dir='ltr'><strong><em>ἀποδεδωκέναι</em></strong></span> <span class='ocrx_word' id='word_1_174' title='bbox 593 2485 837 2569; x_wconf 87' lang='grc' dir='ltr'><strong><em>παραδείγμασι</em></strong></span> <span class='ocrx_word' id='word_1_175' title='bbox 864 2484 1041 2568; x_wconf 87' lang='grc' dir='ltr'><strong><em>χρώμενον</em></strong></span> <span class='ocrx_word' id='word_1_176' title='bbox 1066 2492 1129 2560; x_wconf 85' lang='grc' dir='ltr'><strong><em>τοῖς</em></strong></span> <span class='ocrx_word' id='word_1_177' title='bbox 1182 2463 1183 2526; x_wconf 54' lang='grc' dir='ltr'><strong><em>δ</em></strong></span> 
     </span>
     <span class='ocr_line' id='line_1_23' title="bbox 118 2569 1182 2676; baseline 0.001 -24"><span class='ocrx_word' id='word_1_178' title='bbox 118 2598 187 2652; x_wconf 85' lang='grc' dir='ltr'><strong><em>τῶν</em></strong></span> <span class='ocrx_word' id='word_1_179' title='bbox 210 2592 321 2653; x_wconf 86' lang='grc' dir='ltr'><strong><em>καλῶν</em></strong></span> <span class='ocrx_word' id='word_1_180' title='bbox 343 2586 398 2653; x_wconf 85' lang='grc' dir='ltr'><strong><em>καὶ</em></strong></span> <span class='ocrx_word' id='word_1_181' title='bbox 421 2589 560 2673; x_wconf 80' lang='grc' dir='ltr'><strong><em>ἀγαθῶν</em></strong></span> <span class='ocrx_word' id='word_1_182' title='bbox 584 2589 771 2676; x_wconf 83' lang='grc' dir='ltr'><strong><em>ἐπιτρόπων</em></strong></span> <span class='ocrx_word' id='word_1_183' title='bbox 794 2583 920 2676; x_wconf 79' lang='grc' dir='ltr'><strong><em>ἔργοις,</em></strong></span> <span class='ocrx_word' id='word_1_184' title='bbox 945 2591 1021 2656; x_wconf 87' lang='grc' dir='ltr'><strong><em>ὅσοι</em></strong></span> <span class='ocrx_word' id='word_1_185' title='bbox 1043 2595 1127 2675; x_wconf 87' lang='grc' dir='ltr'><strong><em>βασι-</em></strong></span> <span class='ocrx_word' id='word_1_186' title='bbox 1181 2569 1182 2626; x_wconf 52' lang='grc' dir='ltr'><strong><em>δ</em></strong></span> 
     </span>
     <span class='ocr_line' id='line_1_24' title="bbox 120 2694 1126 2781; baseline 0 -22"><span class='ocrx_word' id='word_1_187' title='bbox 120 2696 235 2771; x_wconf 88' lang='grc' dir='ltr'><strong><em>λικοὺς</em></strong></span> <span class='ocrx_word' id='word_1_188' title='bbox 267 2695 388 2771; x_wconf 86' lang='grc' dir='ltr'><strong><em>παῖδας</em></strong></span> <span class='ocrx_word' id='word_1_189' title='bbox 419 2695 590 2780; x_wconf 82' lang='grc' dir='ltr'><strong><em>ὀρφανοὺς</em></strong></span> <span class='ocrx_word' id='word_1_190' title='bbox 621 2694 775 2781; x_wconf 90' lang='grc' dir='ltr'><strong><em>πατέρων</em></strong></span> <span class='ocrx_word' id='word_1_191' title='bbox 806 2699 1057 2780; x_wconf 88' lang='grc' dir='ltr'><strong><em>παραλαβόντες</em></strong></span> <span class='ocrx_word' id='word_1_192' title='bbox 1085 2697 1126 2770; x_wconf 91' lang='grc' dir='ltr'><strong><em>είς</em></strong></span> 
     </span>
     <span class='ocr_line' id='line_1_25' title="bbox 120 2798 1179 2922; baseline -0.002 -56"><span class='ocrx_word' id='word_1_193' title='bbox 120 2801 246 2887; x_wconf 83' lang='grc' dir='ltr'><strong><em>ἄνδρας</em></strong></span> <span class='ocrx_word' id='word_1_194' title='bbox 268 2799 429 2866; x_wconf 76' lang='grc' dir='ltr'><strong><em>ἐλθοῦσιν</em></strong></span> <span class='ocrx_word' id='word_1_195' title='bbox 452 2802 564 2886; x_wconf 85' lang='grc' dir='ltr'><strong><em>ὀρθῶς</em></strong></span> <span class='ocrx_word' id='word_1_196' title='bbox 586 2799 642 2866; x_wconf 82' lang='grc' dir='ltr'><strong><em>καὶ</em></strong></span> <span class='ocrx_word' id='word_1_197' title='bbox 665 2803 801 2878; x_wconf 92' lang='grc' dir='ltr'><strong><em>δικαίως</em></strong></span> <span class='ocrx_word' id='word_1_198' title='bbox 821 2803 881 2880; x_wconf 78' lang='grc' dir='ltr'><strong><em>τὰς</em></strong></span> <span class='ocrx_word' id='word_1_199' title='bbox 902 2799 1058 2891; x_wconf 73' lang='grc' dir='ltr'><strong><em>πατρῴας</em></strong></span> <span class='ocrx_word' id='word_1_200' title='bbox 1077 2798 1125 2866; x_wconf 80' lang='grc' dir='ltr'><strong><em>καί</em></strong></span> <span class='ocrx_word' id='word_1_201' title='bbox 1178 2849 1179 2922; x_wconf 50' lang='grc' dir='ltr'><strong><em>ρ</em></strong></span> 
     </span>
     <span class='ocr_line' id='line_1_26' title="bbox 77 2887 1178 3020; baseline -0.004 -46"><span class='ocrx_word' id='word_1_202' title='bbox 77 2887 321 3004; x_wconf 47' lang='grc' dir='ltr'><strong><em>ἐπρογουικδς</em></strong></span> <span class='ocrx_word' id='word_1_203' title='bbox 344 2905 518 2974; x_wconf 83' lang='grc' dir='ltr'><strong><em>ἀπέδωκαν</em></strong></span> <span class='ocrx_word' id='word_1_204' title='bbox 541 2907 657 2994; x_wconf 83' lang='grc' dir='ltr'><strong><em>ἀρχάς·</em></strong></span> <span class='ocrx_word' id='word_1_205' title='bbox 694 2909 726 2973; x_wconf 85' lang='grc' dir='ltr'><strong><em>εί</em></strong></span> <span class='ocrx_word' id='word_1_206' title='bbox 747 2904 785 2974; x_wconf 74' lang='grc' dir='ltr'><strong><em>δέ</em></strong></span> <span class='ocrx_word' id='word_1_207' title='bbox 802 2910 900 2992; x_wconf 87' lang='grc' dir='ltr'><strong><em>μήπω</em></strong></span> <span class='ocrx_word' id='word_1_208' title='bbox 919 2923 975 2974; x_wconf 94' lang='grc' dir='ltr'><strong><em>σοι</em></strong></span> <span class='ocrx_word' id='word_1_209' title='bbox 994 2916 1124 2994; x_wconf 84' lang='grc' dir='ltr'><strong><em>φρονεῖν</em></strong></span> <span class='ocrx_word' id='word_1_210' title='bbox 1177 2947 1178 3020; x_wconf 59' lang='grc' dir='ltr'><strong><em>ρ</em></strong></span> 
     </span>
     <span class='ocr_line' id='line_1_27' title="bbox 118 3009 1177 3120; baseline -0.003 -40"><span class='ocrx_word' id='word_1_211' title='bbox 118 3017 158 3080; x_wconf 84' lang='grc' dir='ltr'><strong><em>τδ</em></strong></span> <span class='ocrx_word' id='word_1_212' title='bbox 185 3017 380 3100; x_wconf 88' lang='grc' dir='ltr'><strong><em>καθήκοντα</em></strong></span> <span class='ocrx_word' id='word_1_213' title='bbox 409 3015 611 3100; x_wconf 86' lang='grc' dir='ltr'><strong><em>ἐφαινόμην,</em></strong></span> <span class='ocrx_word' id='word_1_214' title='bbox 644 3009 717 3080; x_wconf 88' lang='grc' dir='ltr'><strong><em>ἀλλ’</em></strong></span> <span class='ocrx_word' id='word_1_215' title='bbox 743 3017 792 3080; x_wconf 81' lang='grc' dir='ltr'><strong><em>έτι</em></strong></span> <span class='ocrx_word' id='word_1_216' title='bbox 820 3016 877 3079; x_wconf 83' lang='grc' dir='ltr'><strong><em>διδ</em></strong></span> <span class='ocrx_word' id='word_1_217' title='bbox 903 3016 942 3082; x_wconf 89' lang='grc' dir='ltr'><strong><em>τὸ</em></strong></span> <span class='ocrx_word' id='word_1_218' title='bbox 969 3014 1050 3080; x_wconf 86' lang='grc' dir='ltr'><strong><em>νέον</em></strong></span> <span class='ocrx_word' id='word_1_219' title='bbox 1073 3021 1123 3095; x_wconf 83' lang='grc' dir='ltr'><strong><em>τής</em></strong></span> <span class='ocrx_word' id='word_1_220' title='bbox 1176 3037 1177 3120; x_wconf 70' lang='grc' dir='ltr'><strong><em>χ</em></strong></span> 
     </span>
     <span class='ocr_line' id='line_1_28' title="bbox 118 3116 1176 3208; baseline -0.005 -21"><span class='ocrx_word' id='word_1_221' title='bbox 118 3121 247 3206; x_wconf 73' lang='grc' dir='ltr'><strong><em>ἡλικίας</em></strong></span> <span class='ocrx_word' id='word_1_222' title='bbox 277 3121 338 3208; x_wconf 81' lang='grc' dir='ltr'><strong><em>οὐχ</em></strong></span> <span class='ocrx_word' id='word_1_223' title='bbox 369 3121 483 3199; x_wconf 84' lang='grc' dir='ltr'><strong><em>ίκανὸς</em></strong></span> <span class='ocrx_word' id='word_1_224' title='bbox 510 3116 596 3186; x_wconf 87' lang='grc' dir='ltr'><strong><em>εἶναι</em></strong></span> <span class='ocrx_word' id='word_1_225' title='bbox 623 3123 724 3187; x_wconf 91' lang='grc' dir='ltr'><strong><em>πόλιν</em></strong></span> <span class='ocrx_word' id='word_1_226' title='bbox 751 3121 953 3205; x_wconf 78' lang='grc' dir='ltr'><strong><em>τηλικαύτην</em></strong></span> <span class='ocrx_word' id='word_1_227' title='bbox 982 3122 1176 3199; x_wconf 70' lang='grc' dir='ltr'><strong><em>διοικεῖνμντ</em></strong></span> 
     </span>
     <span class='ocr_line' id='line_1_29' title="bbox 118 3220 1119 3313; baseline -0.005 -21"><span class='ocrx_word' id='word_1_228' title='bbox 118 3227 168 3292; x_wconf 82' lang='grc' dir='ltr'><strong><em>ὅτ’</em></strong></span> <span class='ocrx_word' id='word_1_229' title='bbox 200 3232 247 3305; x_wconf 85' lang='grc' dir='ltr'><strong><em>είς</em></strong></span> <span class='ocrx_word' id='word_1_230' title='bbox 274 3229 336 3311; x_wconf 84' lang='grc' dir='ltr'><strong><em>τὴν</em></strong></span> <span class='ocrx_word' id='word_1_231' title='bbox 363 3231 542 3313; x_wconf 90' lang='grc' dir='ltr'><strong><em>κρατίστην</em></strong></span> <span class='ocrx_word' id='word_1_232' title='bbox 565 3229 798 3312; x_wconf 79' lang='grc' dir='ltr'><strong><em>παρεγενόμην</em></strong></span> <span class='ocrx_word' id='word_1_233' title='bbox 820 3236 881 3292; x_wconf 88' lang='grc' dir='ltr'><strong><em>τοῦ</em></strong></span> <span class='ocrx_word' id='word_1_234' title='bbox 904 3227 1053 3311; x_wconf 81' lang='grc' dir='ltr'><strong><em>σώματος</em></strong></span> <span class='ocrx_word' id='word_1_235' title='bbox 1071 3220 1119 3289; x_wconf 81' lang='grc' dir='ltr'><strong><em>καὶ</em></strong></span> 
     </span>
    </p>
   </div>
   <div class='ocr_carea' id='block_1_3' title="bbox 122 3379 1118 3521">
    <p class='ocr_par' dir='ltr' id='par_1_3' title="bbox 122 3379 1118 3521">
     <span class='ocr_line' id='line_1_30' title="bbox 192 3379 1118 3451; baseline 0.008 -20"><span class='ocrx_word' id='word_1_236' title='bbox 192 3379 324 3446; x_wconf 70' lang='grc' dir='ltr'><strong><em>ἵὴαδδ.</em></strong></span> <span class='ocrx_word' id='word_1_237' title='bbox 337 3381 441 3436; x_wconf 75' lang='grc' dir='ltr'><strong><em>Βείελιε</em></strong></span> <span class='ocrx_word' id='word_1_238' title='bbox 487 3381 676 3451; x_wconf 74' lang='grc' dir='ltr'><strong><em>ΒῆνεγκενΑ</em></strong></span> <span class='ocrx_word' id='word_1_239' title='bbox 722 3390 754 3438; x_wconf 77' lang='grc'><strong><em>17</em></strong></span> <span class='ocrx_word' id='word_1_240' title='bbox 769 3381 811 3437; x_wconf 78' lang='grc' dir='ltr'><strong><em>ὅτ’</em></strong></span> <span class='ocrx_word' id='word_1_241' title='bbox 827 3384 853 3436; x_wconf 90' lang='grc' dir='ltr'><strong>Α</strong></span> <span class='ocrx_word' id='word_1_242' title='bbox 880 3383 987 3438; x_wconf 80' lang='grc' dir='ltr'><strong><em>ὄταυΒ</em></strong></span> <span class='ocrx_word' id='word_1_243' title='bbox 1035 3388 1118 3448; x_wconf 70' lang='grc' dir='ltr'><strong><em>λόγο-</em></strong></span> 
     </span>
     <span class='ocr_line' id='line_1_31' title="bbox 122 3447 833 3521; baseline 0.008 -19"><span class='ocrx_word' id='word_1_244' title='bbox 122 3447 204 3512; x_wconf 83' lang='grc' dir='ltr'><strong><em>νωιδις</em></strong></span> <span class='ocrx_word' id='word_1_245' title='bbox 221 3449 247 3500; x_wconf 76' lang='grc' dir='ltr'><strong>Δ</strong></span> <span class='ocrx_word' id='word_1_246' title='bbox 282 3452 451 3518; x_wconf 72' lang='grc' dir='ltr'><strong><em>προγονικὰς</em></strong></span> <span class='ocrx_word' id='word_1_247' title='bbox 468 3451 491 3504; x_wconf 90' lang='grc' dir='ltr'>Β</span> <span class='ocrx_word' id='word_1_248' title='bbox 563 3459 597 3507; x_wconf 75' lang='lat'><strong><em>28</em></strong></span> <span class='ocrx_word' id='word_1_249' title='bbox 617 3451 661 3507; x_wconf 82' lang='grc' dir='ltr'><strong><em>ὅτε</em></strong></span> <span class='ocrx_word' id='word_1_250' title='bbox 681 3448 708 3521; x_wconf 86' lang='grc' dir='ltr'><strong><em>γ’</em></strong></span> <span class='ocrx_word' id='word_1_251' title='bbox 729 3453 833 3508; x_wconf 79' lang='lat' dir='ltr'>Reiske</span> 
     </span>
    </p>
   </div>
   <div class='ocr_carea' id='block_1_4' title="bbox 0 0 1204 3912">
    <p class='ocr_par' dir='ltr' id='par_1_4' title="bbox 0 0 1204 3912">
     <span class='ocr_line' id='line_1_32' title="bbox 0 0 1204 3912; baseline 0 5"><span class='ocrx_word' id='word_1_252' title='bbox 0 0 1204 3912; x_wconf 95' lang='lat' dir='ltr'><strong><em> </em></strong></span> 
     </span>
    </p>
   </div>
  </div>
 </body>
</html>
