2400 3912
527 249 691 299 ..Δ-
1099 247 1120 312 3

100 415 236 490 μαῖκαῖς
269 405 431 492 ίστορίαις
462 405 620 493 εὕρομεν,
653 409 685 473 εί
713 413 809 486 θεοῖς
839 432 875 475 τε
901 407 957 475 καί
985 411 1121 496 δαίμοσι

100 510 262 595 λέγεσθαι
285 514 384 597 φίλος
406 522 570 591 τοιοῦτος·
606 514 731 592 αἵτινες
753 515 817 581 ἀπὸ
840 525 898 600 τῆς
921 514 1031 593 ἑστίας
1052 527 1120 582 τῶν

48 620 299 703 όοεβασιλείων,
328 616 381 704 ἐφ’
403 613 443 703 ἧς
471 621 574 697 ἄλλας
598 643 634 686 τε
652 620 806 707 Ῥωμαῖοι
834 627 1053 688 συντελοῦσιν
1077 623 1121 688 ίε-

101 728 264 810 ρουργίας
285 723 340 791 καί
358 727 417 803 τὰς
435 725 500 792 ἀπὸ
517 737 586 792 τῶν
606 728 752 793 δείπνων
771 727 919 815 ἀπαρχὰς
937 727 1120 813 ἁγίζουσιν,

100 827 186 917 ὑπὲρ
218 840 280 898 τοῦ
311 833 417 918 πυρὸς
448 833 607 919 ἀνασχεῖν
639 833 797 918 λέγουσιν
827 837 959 902 αίδοῖον
987 835 1119 922 ἀνδρός.
1148 853 1162 894 ⁶

100 947 202 1003 τοῦτο
232 935 269 1004 δὲ
297 939 489 1006 θερίσασθαι
515 941 578 1024 τὴν
598 937 765 1028 Ὀκρισίαν
788 943 924 1028 πρώτην
947 941 1121 1029 φέρουσαν

99 1046 182 1121 τοὺς
209 1047 373 1123 είωθότας
399 1047 565 1125 πελάνους
588 1045 642 1114 ἐπὶ
663 1050 702 1115 τὸ
725 1057 791 1135 πῦρ
818 1047 875 1114 καὶ
897 1048 1016 1115 αὐτίκα
1038 1050 1122 1136 πρὸς

100 1154 183 1228 τοὺς
203 1155 352 1236 βασιλεῖς
366 1153 541 1220 ’ἐλθοῦσαν
554 1155 668 1220 εἰπεῖν.
700 1157 760 1220 τὸν
775 1151 836 1239 μὲν
851 1149 914 1221 οὖν
932 1157 1153 1242 Ταρκύνιον2

101 1258 293 1325 ἀκούσαντά
314 1283 351 1326 τε
373 1257 429 1326 καί
453 1261 534 1345 μετὰ
556 1257 648 1326 ταῦτ’
672 1262 790 1327 ἰδόντα
807 1263 846 1327 τὸ
863 1261 961 1345 τέρας
979 1261 1017 1328 έν
1033 1264 1121 1328 θαύ-

100 1387 180 1448 ματι
203 1364 374 1449 γενέσθαι,
399 1368 462 1452 την
485 1364 523 1434 δὲ
550 1368 762 1434 Τανακυλίδα
783 1368 824 1432 τοί
846 1361 875 1432 τ’
902 1369 986 1433 ἀλλα
1008 1370 1121 1453 σοφὴν
1135 1387 1163 1426 1⁰

101 1465 211 1536 οὖσαν
238 1469 294 1537 καὶ
317 1473 359 1557 δη
382 1470 501 1538 καὶτὰ
524 1474 666 1557 μαντικὰ
690 1472 830 1550 οὐδενὸς
852 1484 966 1558 χεῖρον
993 1478 1122 1561 Τυρρη-

99 1586 174 1641 νῶν
202 1575 423 1662 ἐπισταμένην
451 1580 557 1644 εἰπεῖν
584 1580 667 1666 πρὸς
697 1579 817 1662 αὐτόν,
851 1579 902 1644 ὅτι
928 1576 1026 1662 γένος
1057 1579 1120 1645 ἀπὸ

99 1693 162 1768 τῆς
186 1681 297 1760 ἑστίας
318 1693 377 1768 τῆς
398 1687 572 1768 βασιλείου
594 1683 764 1768 πέπρωται
788 1685 948 1769 γενέσθαι
970 1696 1122 1773 κρεῖττον

98 1789 121 1873 ἢ
151 1791 234 1855 κατὰ
260 1791 322 1874 τὴν
350 1789 567 1876 ἀνθρωπείαν
595 1792 700 1875 φύσιν
729 1791 765 1858 ἐκ
792 1802 850 1877 τῆς
873 1796 1050 1878 μιχθείσης
1071 1801 1117 1880 τῷ

100 1895 252 1981 φάσματι
278 1898 445 1980 γυναικός.
481 1898 521 1963 τὰ
548 1891 583 1962 δ’
614 1897 700 1962 αὐτὰ
722 1895 777 1964 καὶ
801 1909 868 1964 τῶν
891 1901 1003 1965 ἀλλων
1025 1921 1119 1985 τερα·
1134 1915 1161 1956 1⁵

100 2004 277 2068 τοσκόπων
305 2001 576 2088 ἀποφηναμένων
599 2003 693 2082 δόξαι
715 2013 761 2093 τῷ
785 2008 917 2089 βασιλεῖ
936 2008 998 2091 την
1018 2001 1122 2092 Ὀκρι-

101 2111 192 2192 σίαν,
214 2099 237 2195 ᾖ
259 2110 373 2196 πρώτη
395 2109 503 2194 έφάνη
522 2111 560 2175 τὸ
578 2109 689 2196 τέρας,
714 2113 762 2188 είς
780 2111 914 2196 ὁμιλίαν
932 2112 1021 2200 αὐτῷ
1041 2128 1121 2178 συν-

102 2219 233 2281 ελθεῖν·
255 2214 311 2281 καὶ
330 2217 410 2299 μετὰ
428 2225 528 2283 τοῦτο
546 2217 609 2300 τὴν
627 2229 771 2301 γυναῖκα
784 2217 1051 2302 κοσμησαμένην,
1072 2210 1122 2295 οἷς

101 2323 183 2398 ἔθος
206 2319 276 2388 ἐστὶ
298 2329 498 2407 κοσμεῖσθαι
519 2324 578 2400 τάς
595 2321 818 2408 γαμουμένας,
841 2329 1121 2407 κατακλεισθῆναι

49 2430 216 2512 ουτμόνην
240 2429 287 2505 είς
304 2429 365 2493 τὸν
388 2423 494 2512 οἶκον,
518 2429 555 2495 ἐν
578 2420 604 2516 ᾧ
623 2430 661 2495 τὸ
679 2427 777 2512 τέρας
795 2429 906 2515 ὤφθη.
943 2428 1120 2516 μιχθέντος
1130 2408 1162 2522 {0

101 2535 146 2618 δή
171 2557 265 2612 τινος
292 2535 375 2621 αὐτῇ
403 2541 495 2601 θεῶν
523 2535 544 2619 ἢ
569 2537 740 2622 δαιμόνων
763 2534 819 2601 καὶ
842 2538 922 2622 μετὰ
943 2532 1006 2620 τὴν
1029 2534 1120 2620 μίξιν

102 2640 353 2726 ἀφανισθέντος
385 2637 451 2707 τόθ’
471 2642 659 2727 Ἡφαίστου
690 2643 844 2728 καθάπερ
877 2647 1010 2710 οῖονταί
1033 2667 1121 2722 τινες

102 2753 168 2814 είτε
199 2756 262 2814 τοῦ
290 2745 360 2813 κατ’
389 2749 499 2813 οίκίαν
525 2748 649 2830 ἥρωος,
682 2746 851 2833 ἐγκύμονα
879 2747 1038 2832 γενέσθαι
1065 2747 1121 2814 καὶ

101 2865 210 2920 τεκεῖν
232 2855 293 2920 τόν
316 2855 461 2920 Τύλλιον
484 2853 521 2919 έν
545 2864 614 2932 τοῖς
635 2857 824 2938 καθήκουσι
842 2857 984 2941 χρόνοις.
1020 2863 1120 2921 τοῦτο

101 2961 140 3025 τὸ
171 2961 330 3046 μύθευμα
360 2960 401 3026 οῦ
430 2959 519 3026 πάνυ
548 2983 581 3025 τι
609 2962 728 3026 πιστὸν
756 2954 842 3026 εἶναι
871 2963 996 3026 δοκοῦν
1024 2959 1118 3048 ἑτέρα
1133 2978 1160 3018 25

175 3158 191 3207 2
221 3155 305 3223 φίλου
328 3169 351 3208 ο.
372 3151 533 3222 Stephanus
559 3156 563 3220 Ι
587 3155 731 3208 τοιουτοιί
754 3171 795 3216 τις
817 3152 843 3205 A
897 3151 1022 3222 spatium
1050 3152 1121 3207 duur

102 3241 165 3277 rum
183 3223 239 3279 litt.
260 3226 290 3279 οῖ
304 3226 370 3279 ante
385 3225 415 3279 οῖ
427 3226 493 3293 μυεῖ
506 3243 533 3278 τι
546 3223 593 3278 Ba
623 3233 762 3287 τοιοῦτος·
782 3225 887 3287 αίτινες
900 3223 947 3277 Bb
964 3225 968 3297 ί
985 3221 1121 3294 λέγεσθαι

103 3297 185 3365 φίλος
208 3290 283 3352 ἐστίν
305 3303 443 3358 τοιοῦτος·
481 3295 538 3350 ἀπὸ
562 3311 611 3364 eqs
635 3312 657 3350 ο.
677 3295 816 3349 ΒδοθοΙοτ
838 3292 964 3358 τοιοῦτός
981 3315 1024 3359 τις
1041 3295 1120 3362 όί-ξιος

103 3383 127 3422 ο.
144 3366 254 3436 Kayser
271 3385 343 3422 κατι.
362 3366 433 3437 phil.
455 3372 523 3422 1866
540 3384 568 3436 p.
584 3373 619 3421 44
678 3373 694 3420 3
714 3367 862 3438 βασιλείων
881 3366 1004 3436 Sylburg
1040 3369 1120 3439 βασι-

103 3436 214 3494 λέωνΟ
271 3446 417 3509 ῦπρθτον
430 3438 483 3491 ΑΒ
539 3444 571 3493 16
590 3437 642 3507 τὴν
657 3435 800 3507 Ὀκρισίαν
817 3437 918 3493 αδδΒ
975 3445 1007 3493 17
1022 3439 1118 3508 πρώτη

103 3509 126 3563 Β
162 3517 273 3581 πρῶτον
291 3511 317 3564 R
389 3515 423 3564 22
442 3529 517 3572 τινες
535 3508 642 3562 αδδΒ
714 3514 749 3562 26
767 3528 795 3563 τι
814 3511 843 3564 et
860 3511 929 3564 θεία
948 3508 1055 3564 οδδ.Β

924 3594 960 3649 1*
