2394 3912
150 200 215 264 362
576 200 739 251 -5-

149 360 205 428 καλ
227 364 285 439 τὰς
306 363 442 447 γνώμας
463 371 531 428 τών
554 363 738 447 πατρικίων
763 360 984 447 ἐξηττωμένας
1002 373 1062 429 τῶν
1080 366 1139 448 δεή-

150 485 252 553 σεων,
281 468 321 546 ἃς
348 469 525 536 ἐποιοῦντο
553 471 618 534 σὺν
642 470 769 553 οἰμωγῇ
793 466 849 534 καὶ
871 469 1004 558 ὀδυρμῷ
1025 469 1140 556 πατέρες

149 599 184 640 τε
216 573 272 641 καὶ
300 577 417 641 παιδία
439 578 543 659 νήπια
570 585 638 641 τῶν
666 575 876 659 ἀποστατῶν,
905 585 945 661 τῇ
972 581 1063 664 κυρίη
1087 591 1140 643 τῶν

149 681 283 768 ἡμερῶν
310 681 447 768 ἐξῄεσαν
476 679 529 746 ἐπὶ
554 681 617 765 τὴν
640 679 768 767 ἀγορὰν
791 683 1096 769 στενοχωρουμένην
1115 685 1178 749 Inna

114 771 136 886 2⁶
151 794 274 873 πολλῆς
296 791 344 854 ἔτι
367 790 488 866 νυκτὸς
505 789 638 853 ἅπασαν
657 790 745 876 όχλφ
763 791 975 878 παντοδαπῷ.
1009 787 1062 854 καὶ
1076 812 1141 875 παρ

151 900 307 973 ελθόντες
335 893 388 962 ἐπὶ
414 897 452 961 τὸ
486 897 577 981 ίερὸν
600 904 661 961 τοῦ
680 891 883 980 Ἡφαίστου,
914 899 998 962 ἔνθα
1020 893 1060 980 ην
1080 900 1141 974 ἔθος

151 1003 265 1079 αὐτοῖς
286 1004 345 1080 τὰς
367 1002 540 1087 ἐκκλησίας
564 1002 736 1086 ἐπιτελεῖν,
760 1013 895 1088 πρῶτον
917 1001 979 1089 μὲν
1001 1001 1141 1090 ἐπῄνεσαν

150 1111 210 1174 τὸν
234 1111 341 1194 δῆμον
365 1107 419 1174 ἐπὶ
436 1119 477 1194 τῇ
496 1110 632 1194 σπουδῇ·
643 1107 699 1175 καὶ
717 1112 892 1197 προθυμίᾳ
910 1119 970 1194 τῆς
987 1112 1065 1176 κατὰ
1079 1116 1142 1192 πλῆ-

149 1221 214 1292 θος
233 1215 388 1299 ἀφίξεως·
413 1219 523 1281 ἔπειτα
541 1216 770 1302 παρεκάλεσαν
784 1215 980 1302 ἐκδέχεσθαι
993 1215 1065 1302 μεθ’
1080 1218 1143 1300 ησυ-

111 1344 137 1384 10
150 1325 235 1407 χίας,
256 1321 318 1399 ἕως
337 1321 378 1388 ἀν
397 1320 533 1406 γένηται
551 1323 589 1387 τὸ
607 1324 844 1408 προβούλευμα
862 1331 920 1407 τῆς
939 1327 1072 1407 βουλῆς·
1091 1333 1144 1398 τοῖς

151 1424 182 1494 δ’
205 1431 339 1507 οἰκείοις
366 1439 434 1494 τῶν
461 1429 656 1495 ἀποστατῶν
680 1429 811 1512 ἀγαθὰς
833 1429 1010 1516 παρῄνουν
1032 1430 1144 1505 ἐλπίδας

151 1537 248 1620 ἔχειν,
273 1537 318 1614 ὡς
341 1537 382 1602 οὐ
402 1537 458 1600 διδι
477 1543 606 1622 μακροῦ
624 1532 860 1621 κομιουμένοις
877 1539 919 1602 τά
937 1541 1083 1622 φίλτατα,
1103 1535 1143 1602 καί

151 1644 231 1726 μετὰ
262 1651 361 1708 τοῦτο
394 1646 621 1728 παρελθόντες
653 1645 699 1720 είς
730 1645 768 1708 τὸ
799 1641 981 1730 συνέδριον
1010 1645 1100 1710 αὐτοί
1117 1667 1142 1708 τε

151 1747 374 1833 διελέχθησαν
402 1749 555 1827 ἐπιεικεῖς
580 1747 636 1814 καὶ
663 1752 818 1836 μετρίους
846 1754 984 1834 λόγους,
1011 1749 1141 1824 καὶτοὺς

112 1876 137 1917 ιε
151 1857 273 1931 ἀλλους
298 1855 415 1938 ἠξίουν
438 1857 582 1941 χρηστὰς
604 1854 660 1921 καί
684 1857 948 1941 φιλανθρώπους
971 1853 1140 1923 ἀποδείκνυ-

151 1968 233 2027 σθαι
264 1962 407 2047 γνώμας.
452 1973 585 2048 πρῶτον
618 1959 655 2027 δὲ
686 1973 753 2029 τῶν
790 1965 901 2029 ἄλλων
934 1963 1072 2030 έκώλουν
1097 1964 1140 2026 τὸν

150 2072 342 2154 Μενήνιον·
379 2069 416 2146 ὃς
447 2069 592 2146 ἀναστὰς
622 2080 693 2146 τοῖς
725 2070 840 2146 αὐτοῖς
866 2069 1028 2156 ἐχρήσατο
1053 2072 1140 2152 λόγοις

151 2168 201 2254 οἷς
219 2174 274 2242 καὶ
297 2179 461 2262 πρότερον
486 2173 539 2240 ἐπὶ
556 2175 615 2253 τὰς
634 2177 816 2259 διαλλαγὰς
833 2178 895 2260 την
913 2177 1041 2260 βουλὴν
1059 2197 1140 2260 παρα-

150 2290 262 2350 καλῶν
289 2280 344 2350 καὶ
371 2284 509 2367 γνώμην
534 2282 727 2366 ἀπεφήνατο
751 2284 813 2366 την
836 2283 942 2367 αὐτην
964 2282 1063 2361 ἀξιῶν
1082 2289 1179 2366 πρε-119

17 2411 18 2416 ’
110 2394 268 2475 νοσηλείαν
290 2388 505 2456 ἀποστέλλειν
523 2391 606 2475 πρὸς
624 2391 703 2466 τοὺς
721 2388 946 2472 ἀφεστηκότας
965 2391 1022 2454 διὰ
1039 2387 1139 2473 ταχέων

152 2498 380 2584 αὐτοκράτορα
402 2507 470 2583 τῶν
495 2498 693 2580 διαλλαγῶν.
788 2498 794 2504 ’

217 2602 367 2669 LXVIII.
396 2604 493 2668 Μετὰ
515 2611 637 2668 τοῦτον
660 2601 838 2668 ἀνίσταντο
860 2603 1059 2687 καλούμενοι
1078 2596 1135 2666 καθ’

51 2761 59 2776 .
150 2713 284 2796 ἡλικίαν
306 2711 343 2774 οί
361 2711 424 2794 την
446 2710 612 2793 ὑπατικὴν
635 2708 808 2794 ἐσχηκότες
831 2708 947 2795 ἀρχήν,
971 2702 1023 2787 οἷς
1044 2711 1138 2804 ἅπασιν

151 2820 258 2885 έδόκει
284 2826 324 2903 τῇ
348 2819 525 2902 Μενηνίου
549 2823 696 2903 χρῆσθαι
718 2816 851 2901 γνώμη,
874 2814 956 2892 τέως
978 2811 1138 2900 καθηκενὸ

111 2948 137 2991 τε
151 2929 251 3010 λόγος
274 2926 322 3002 είς
343 2925 404 2989 τὸν
417 2923 571 2990 Ἄππιον.
615 2923 632 2988 ὁ
657 2919 687 2987 δ’
711 2921 866 3005 ἀναστάς,
883 2917 968 3008 Ὁρῶ
993 2923 1061 3006 μέν,
1081 2924 1138 3005 ἔφη·

151 3051 221 3118 σευ,
245 3034 297 3099 ὅτι
320 3027 376 3097 καὶ
399 3041 469 3107 τοῖς
487 3030 624 3106 ὑποίτοις
642 3026 712 3094 ἐστὶ
730 3027 982 3114 κεχαρισμένον,
1006 3023 1031 3093 ώ
1049 3028 1138 3112 βουλή,

149 3138 205 3206 καὶ
233 3149 303 3214 τοϊς
331 3138 445 3212 ἀλλοις
472 3135 552 3220 ὑμῖν
580 3135 696 3219 ὀληιου
725 3137 797 3200 δεῖν
825 3143 906 3199 πᾶσι
929 3135 1079 3219 κατάγειν
1096 3133 1138 3197 τόν

152 3249 270 3330 δῆμον,
294 3238 347 3326 ἐφ’
373 3233 423 3317 οἷς
446 3239 487 3305 ἀν
511 3241 610 3318 αὐτὸς
628 3241 729 3320 ἀξιοῖ·
760 3239 813 3307 καὶ
836 3244 939 3326 μόνος
959 3241 993 3321 ἐξ
1013 3241 1138 3307 ἁπάντων

147 3377 149 3383 ¹
224 3393 450 3465 όπαρελθόντες
471 3395 493 3448 O
518 3371 594 3462 quod
613 3397 668 3452 def.
688 3397 790 3452 Garror
808 3397 873 3453 Obs.
893 3417 920 3468 p.
940 3405 975 3454 23
1013 3394 1139 3467 προελθόν-

153 3485 198 3526 τες
216 3481 238 3516 ο.
257 3464 402 3532 Kiessling
474 3471 489 3518 9
508 3465 719 3535 παρεκέλευσαν
737 3469 760 3522 Β
833 3475 866 3524 12
885 3469 935 3524 καλ
955 3471 1019 3526 add.
1037 3471 1057 3524 B
