2400 3912
464 231 629 281 -ι-
1014 228 1056 295 75

46 387 220 454 καιοτάτων
244 392 501 475 συμπαρόντων,
525 389 622 472 ὀλίγα
646 387 676 454 δ’
700 389 737 455 ἐν
760 389 876 478 ἀγορᾷ.
917 392 1092 477 προσελ-4

45 500 116 558 θείν
139 487 170 559 δ’
192 494 308 561 οὐδενὶ
330 505 398 561 τῶν
423 494 640 580 βουλομένων
658 494 845 584 ἐπέτρεπεν,
869 499 901 563 εί
917 499 961 582 μη
980 521 1056 563 τινα

44 599 206 668 καλέσειεν
234 602 347 680 αὐτός·
385 603 463 669 οὔτε
491 613 561 680 τοϊς
588 611 788 688 προσιοῦσιν
811 603 953 689 εὐμενὴς
975 599 1055 670 οὐδὲ

9 715 141 794 ιελιιρᾷος
163 703 218 792 ην,
239 703 313 774 ἀλλ’
335 701 389 775 οἷα
408 710 451 794 δη
469 711 645 796 τύραννος,
669 711 774 795 βαρύς
792 733 827 775 τε
846 707 901 775 καί
914 711 1056 794 χαλεπὸς

45 813 140 897 ὀργὴν
169 813 226 880 καὶ
257 816 404 901 φοβερὸς
430 820 558 901 μᾶλλον
584 813 605 898 ἣ
634 815 777 902 φαιδρὸς
800 815 963 900 ὀφθῆναι·
999 813 1081 880 καὶὸ

44 921 93 997 τάς
118 918 195 1007 περὶ
223 931 293 986 τῶν
320 921 581 1006 ἀμφισβητήτων
608 923 823 1006 συμβολαίων
845 923 971 1006 κρίσεις
992 920 1055 986 οὐκ

44 1023 89 1090 ἐπὶ
109 1027 150 1090 τά
174 1027 288 1092 δίκαια
311 1025 368 1092 καὶ
390 1029 470 1104 τοὺς
492 1017 632 1113 νόμους,
663 1021 735 1092 ἀλλ’
757 1024 810 1092 ἐπὶ
832 1028 912 1104 τοὺς
934 1024 1055 1092 ἑαυτοῦ

42 1133 178 1216 τρόπους
202 1131 384 1218 ἀναφέρων
397 1133 559 1200 ἐποιεῖτο.
597 1135 653 1198 διὰ
675 1127 769 1199 ταῦτ’
792 1132 985 1218 ἐπωνυμίαν
1006 1134 1055 1196 τί-

41 1244 151 1304 θενται
179 1239 272 1327 αὐτῷ
292 1236 447 1326 Ῥωμαῖοι
473 1241 534 1306 τὸν
557 1241 772 1326 Σούπερβον,
803 1247 902 1305 τοῦτο
931 1234 968 1303 δέ
998 1239 1055 1322 δη-

42 1349 116 1410 λοῦν
139 1347 298 1430 βούλεται
321 1347 404 1411 κατά
426 1346 489 1430 την
506 1345 669 1431 ἡμετέραν
686 1350 836 1428 γλῶτταν
854 1346 915 1410 τὸν
932 1345 1054 1430 ὑπερή-
1069 1364 1095 1403 10

42 1475 153 1534 φανον.
196 1453 259 1518 τὸν
287 1449 325 1518 δέ
352 1453 487 1518 πάππον
511 1452 615 1518 αὐτοῦ
639 1453 793 1537 Πρίσκον
816 1450 972 1517 ἐκάλουν·
1008 1450 1054 1527 ὡς

42 1551 69 1621 δ’
86 1557 180 1642 ἡμεῖς
210 1557 253 1624 άν
280 1564 447 1645 εἴποιμεν,
474 1558 751 1645 προγενέστερον·
789 1557 966 1642 ὁμώνυμος
988 1556 1053 1641 γάρ

42 1658 78 1746 ἦν
98 1673 142 1752 τῷ
166 1665 322 1752 νεωτέρω
345 1660 416 1732 κατ’
438 1667 538 1751 άμφω
561 1667 602 1730 τά
624 1665 781 1750 ὀνόματα.

99 1771 270 1836 XXXXII.
300 1767 390 1837 Ἐπεὶ
414 1766 445 1835 δ’
467 1771 632 1857 ἐγκρατῶς
653 1761 725 1855 ἤδη
742 1768 891 1856 κατέχειν
909 1769 1053 1853 ὑπελάμ-

40 1879 113 1957 βανε
139 1879 206 1962 την
230 1878 355 1963 άρχην,
382 1879 635 1964 παρασκευάσας
663 1877 699 1943 ἐκ
720 1889 788 1943 τῶν
811 1875 951 1962 ἑταίρων
973 1878 1053 1954 τοὺς
1068 1892 1093 1934 1⁶

40 1983 283 2067 πονηροτάτους
306 1982 351 2049 δι’
374 1983 512 2050 ἐκείνων
534 1979 616 2068 ἦγεν
638 1985 686 2060 είς
709 1982 894 2068 ἐγκλήματα
916 1980 972 2048 καί
990 1989 1053 2048 θα-

40 2089 134 2155 νάτου
168 2091 268 2166 δίκας
299 2091 447 2166 πολλοὺς
478 2101 546 2170 τῶν
579 2088 766 2173 ἐπιφανῶν·
807 2089 959 2175 πρώτους
991 2084 1053 2173 μὲν

40 2197 109 2272 τοὺς
126 2195 262 2282 ἐχθρῶς
281 2195 511 2282 διακειμένους
528 2197 613 2286 πρὸς
630 2195 745 2278 αὐτόν,
768 2187 819 2271 οἷς
837 2195 900 2260 οὐκ
917 2191 960 2278 ἦν
973 2198 1053 2279 βου-

40 2300 187 2388 λομένοις
214 2303 360 2368 Τύλλιον
390 2301 427 2367 ἐκ
453 2311 511 2385 τῆς
539 2301 641 2388 ἀρχῆς
664 2301 826 2367 ἐκπεσεῖν·
864 2303 975 2366 ἐπειτα
997 2299 1053 2366 καὶ
1108 2297 1110 2300 ’

41 2415 98 2471 τῶν
120 2410 248 2492 άλλων,
273 2407 332 2484 οὓς
354 2408 567 2492 ὑπελάμβανε
586 2410 725 2493 βαρεῖαν
742 2406 898 2490 ἡγεῖσθαι
916 2406 978 2490 την
996 2430 1051 2491 με·
1066 2423 1093 2464 2⁰

40 2516 179 2598 ταβολὴν
207 2511 266 2580 καὶ
295 2506 345 2590 οἷς
371 2517 476 2591 πολὺς
503 2519 647 2590 πλοῦτος
669 2509 721 2597 ἦν.
758 2514 794 2579 οί
815 2508 846 2578 δ’
867 2501 1087 2596 ὑπάγοντεςλ

40 2617 154 2699 αὐτοὺς
177 2620 246 2686 ὑπὸ
270 2621 329 2698 τάς
352 2621 447 2698 δίκας
470 2622 592 2696 άλλους
613 2616 664 2685 ἐπ’
687 2622 802 2698 άλλαις
824 2616 986 2700 ψευδέσιν
1004 2621 1054 2684 αί-

9 2728 125 2811 λίλτίαις,
152 2728 298 2812 μάλιστα
322 2724 353 2791 δ’
376 2725 606 2810 ἐπιβουλεύειν
624 2727 819 2811 αἰτιώμενοι
841 2727 887 2813 τῷ
911 2729 1052 2811 βασιλεῖ,

39 2816 245 2920 κατηγόρουν
269 2829 319 2897 ἐπ’
341 2832 431 2921 αὐτῷ
456 2834 615 2918 δικαστῇ.Ι
640 2829 717 2898 ὁδέ
734 2842 803 2898 τῶν
821 2829 883 2916 μὲν
901 2833 1053 2899 θάνατον

39 2941 236 3022 κατεδίκαζε,
270 2947 338 3004 τῶν
369 2935 406 3004 δὲ
434 2941 562 3023 φυγήν,
594 2937 649 3004 καὶ
676 2939 717 3004 τά
744 2941 893 3025 χρήματα
920 2941 999 3017 τούς
1020 2934 1050 3003 τ’
1067 2955 1094 2997 2⁵

102 3131 197 3187 3οάτε
210 3163 242 3172 -
254 3129 354 3186 οάδέΒ
373 3130 437 3186 οὔτε
446 3161 479 3172 -
488 3130 552 3186 οίτε
562 3131 588 3184 Α
607 3130 713 3186 οὖδὲ-
722 3129 788 3186 οὐδὲ
798 3129 927 3185 ΗεελΙοία
936 3130 1053 3184 Hermes

40 3198 61 3252 Χ
76 3207 125 3256 412
201 3201 288 3266 6’τδις
305 3201 371 3274 περὶ
389 3211 445 3258 τῶν
463 3202 687 3275 άμφισβημάτων
707 3203 882 3282 συμβολαίων
901 3196 1054 3271 ἐπικρίσεις

40 3270 85 3324 ΑΒ
120 3273 174 3336 τὰς
192 3277 250 3328 τῶν
269 3274 317 3344 άμ.
336 3273 401 3343 περὶ
419 3281 475 3328 τῶν
490 3290 514 3329 σ.
528 3276 633 3343 κρίσεις
647 3272 792 3341 Kiesshng
828 3271 1053 3344 ἀμφισβημάτων

41 3341 88 3398 del.
105 3343 217 3414 Kayser
230 3344 303 3398 Ann.
317 3343 388 3415 phil.
405 3350 474 3400 1866
487 3362 515 3414 p.
530 3350 565 3400 45
602 3342 860 3415 ἀμφισβητημάτων
878 3342 904 3395 A
935 3363 968 3412 τη
988 3343 1053 3400 εδδ.

41 3429 71 3468 111.
90 3415 138 3469 alt.
178 3414 400 3540 ἀμφιρξητήτων
420 3432 473 3486 ego
560 3421 593 3470 11
612 3417 737 3486 πρίμονμ
755 3420 780 3469 A
866 3419 899 3467 12
917 3413 966 3469 τὸν
986 3435 1055 3485 προ-

42 3484 198 3558 γενέστερον
218 3503 242 3540 ο.
289 3486 366 3542 eiske
435 3493 468 3542 19
488 3482 519 3542 ἐκ
540 3486 646 3543 add.B
709 3491 744 3541 25
763 3487 828 3548 τοὺς
846 3485 911 3540 add.
932 3485 1056 3556 Sylburg
