2394 3912
466 191 629 242 -ε-
790 171 798 182 “
990 192 1055 258 319

42 346 137 432 ε’σχον
164 346 221 414 καί
251 348 400 434 διέμεινα
428 349 482 416 ἐπὶ
508 363 576 448 τῶν
604 350 824 438 ἐγνωσμένων
852 354 929 420 οὔτε
959 359 1055 445 φόβῳ

41 453 240 541 ἀποτραπεὶς
272 456 350 522 ούτε
382 457 494 541 δεήσει
526 458 604 524 ούτε
631 458 765 544 χάρισιν
792 459 896 545 είξας,
928 471 994 528 νῦν
1021 460 1052 528 δ’

43 563 175 646 ἰδιώτης
199 562 247 628 ὢν
271 562 404 647 ῥίψαιμι
427 563 572 649 ἐμαυτὸν
593 562 650 631 καί
671 567 735 650 τὴν
751 571 942 653 παρρησίαν
960 592 1057 636 κατα-

40 670 217 753 προδοίην·
255 675 320 734 εἰτε
351 694 418 753 μου
449 673 487 736 τὸ
520 671 703 759 ἐλεύθερον
734 682 793 757 της
823 683 930 759 ψυχῆς
960 675 1092 760 ύμῶν2

41 774 176 852 ἕκαστος
194 776 351 859 βούλεται
370 776 549 843 ἀποκαλεῖν
566 775 699 862 εὐγενὲς
717 785 782 845 εἰτε
796 780 955 863 αὔθαδες,
973 782 1083 848 ὅσονῡ

3 879 82 945 miv
110 884 152 960 ζῶ
180 885 306 967 χρόνον
335 883 405 948 ούκ
432 882 709 970 ἀποστήσομαι
734 895 805 952 τοῦ
831 887 904 970 ἤδη
931 893 1057 966 καλῶς

40 985 303 1073 δεδογμένου,
334 986 389 1054 καί
417 989 578 1057 οὐδέποτε
605 991 724 1071 εἰσάξω
752 996 966 1079 χαριζόμενος
986 1006 1057 1073 τοῖς

37 1105 152 1172 κακοῖς
174 1106 283 1180 χρεῶν
306 1095 491 1180 ἀποκοπάς,
515 1096 676 1164 ἀλλὰκαὶ
698 1100 783 1185 πρὸς
804 1102 883 1178 τοὺς
905 1102 1056 1186 εἰσάγον-

37 1225 95 1279 τας
123 1201 225 1279 αύτάς
252 1201 362 1289 ἀπάση
387 1207 563 1292 προθυμίᾳ
586 1205 756 1290 χρώμενος
779 1205 880 1290 ὁμόσε
903 1211 1055 1294 χωρήσω,

38 1310 265 1393 λογιζόμενος,
294 1309 346 1374 ὅτι
372 1319 462 1376 πάσα
489 1314 586 1377 κακία
614 1310 670 1377 καί
698 1313 872 1397 διαφθορά
898 1311 953 1378 καί
977 1318 1055 1379 συλ-
1069 1334 1096 1374 ιο

37 1416 168 1499 λήβδην
190 1414 361 1502 ἀνατροπὴ
385 1420 512 1495 πόλεως
530 1417 594 1483 ἀπὸ
613 1422 810 1504 χρεοκοπίας
828 1420 970 1504 ἀρχεται.
999 1417 1091 1487 καί3

37 1527 102 1586 εἴτε
137 1545 189 1599 τις
223 1521 287 1588 ἀπὸ
320 1531 381 1589 τοῦ
413 1526 583 1609 φρονίμου
615 1530 680 1590 εἰτε
713 1525 770 1589 διά
802 1527 923 1608 μανίας
952 1526 1055 1608 τινός,

36 1628 151 1712 ἐπειδὴ
175 1628 218 1694 οὐ
240 1630 278 1694 τὸ
303 1630 392 1695 ἰδιον
416 1630 572 1715 ἀσφαλές,
597 1631 680 1696 ἀλλά
697 1632 735 1696 τὸ
755 1638 813 1715 της
830 1633 957 1708 πόλεως
975 1629 1056 1709 ἀξιῶ

38 1747 177 1802 σκοπεῖν
184 1784 194 1818 ,
231 1741 296 1801 εἰτε
333 1736 549 1820 ὁπωσδήποτε
588 1740 735 1822 οἰήσεται
771 1738 850 1802 τάδε
886 1736 1055 1822 λέγεσθαι,

36 1853 200 1927 συγχωρῶ
219 1842 309 1930 αὐτῷ
328 1846 486 1928 νομίζειν,
510 1844 599 1920 ὅπως
617 1845 784 1928 βούλεται,
803 1841 899 1928 μέχρι
918 1840 955 1908 δὲ
973 1865 1056 1910 παν-
1070 1862 1096 1904 ιε

35 1951 94 2026 τὸς
115 1949 360 2035 ἐναντιώσομαι
377 1961 447 2027 τοῖς
465 1951 509 2035 μη
527 1952 568 2015 τὰ
585 1950 707 2037 πάτρια
726 1950 948 2034 πολιτεύματα
968 1952 1056 2034 εἰση-

34 2055 246 2141 γησομένοις.
280 2055 392 2140 ἐπειδὴ
413 2052 444 2120 δ’
463 2056 506 2121 ού
523 2057 563 2120 τά
576 2055 656 2142 χρέα
671 2056 872 2121 ἀπαιτοῦσιν
886 2056 922 2121 οἰ
933 2059 1055 2141 καιροί,

36 2165 186 2247 μεγάλην
210 2158 248 2227 δὲ
270 2164 451 2246 βοήθειαν,
474 2161 493 2226 δ
516 2164 623 2245 μόνον
645 2164 737 2226 ἔσται
761 2169 819 2244 τῆς
842 2160 1056 2245 διχοστασίας

36 2269 216 2356 φάρμακον
249 2266 286 2333 ἐν
318 2275 364 2355 τῷ
392 2270 534 2350 παρόντι
561 2267 694 2352 φράσω·
733 2267 909 2351 δικτάτορα
937 2266 1056 2333 ἕλεσθε

6 2377 119 2441 δόκατά
143 2375 258 2459 τάχος,
284 2373 322 2450 ὃς
344 2374 524 2462 ἀνευθύνῳ
546 2374 717 2458 χρώμενος
740 2372 874 2460 ἐξουσίᾳ
896 2371 953 2437 καί
975 2377 1054 2458 βου·
1069 2395 1096 2434 εο

36 2481 100 2565 λην
125 2477 181 2545 καί
206 2480 314 2564 δῆμον
337 2480 518 2564 ἀναγκάσει
539 2483 580 2544 τά
602 2479 759 2564 κράτιστα
781 2489 827 2568 τῷ
850 2487 953 2566 κοινῷ
972 2504 1056 2567 φρο-

36 2598 122 2652 νεῖν·
155 2586 240 2668 ἀλλη
264 2587 328 2669 γάρ
352 2586 415 2651 οὐκ
437 2589 529 2652 ἔσται
551 2587 750 2670 τηλικούτου
773 2595 877 2652 κακοῦ
900 2588 1004 2665 λύσις.

101 2690 309 2758 XXXVIIII.
343 2690 443 2758 Ταῦτ’
466 2695 617 2769 εἰπόντος
637 2689 777 2758 Ἀππίου
799 2691 855 2758 καί
877 2703 945 2758 τῶν
968 2697 1056 2760 νέων

37 2798 360 2886 ἐπιθορυβησάντων
383 2799 428 2875 ὡς
450 2801 491 2863 τά
511 2799 631 2865 δέοντα
650 2798 903 2883 εἰσηγουμένου,
928 2805 1056 2886 Σερου-

108 2963 124 3012 6
144 2955 233 3010 verba
256 2955 308 3009 ούκ
331 2953 525 3025 ἀποστήσομαι
547 2963 597 3010 τοῦ
620 2954 675 3025 ἤδη
699 2960 791 3019 καλῶς
808 2957 981 3028 δεδογμένου
1001 2974 1054 3013 om.

37 3026 128 3095 ABG,
153 3026 294 3096 praebent
316 3024 448 3096 0ngss
522 3034 536 3082 7
561 3026 611 3080 καί
636 3027 690 3082 del.
714 3026 871 3097 Kiessling‚
899 3031 966 3082 ante
990 3027 1056 3084 ὅσον

37 3099 201 3168 ἰτεπεροτιίλ
223 3097 345 3167 Sylburg
368 3096 426 3150 illis
449 3096 543 3152 verbis
566 3097 680 3152 omissis
773 3103 805 3151 12
828 3098 1012 3172 φρον<ι>μου
1032 3100 1055 3152 Β

38 3172 180 3251 φρονίμου
198 3169 275 3231 τινὸς
294 3168 316 3224 O
354 3168 410 3222 ἀπὸ
429 3177 481 3224 νοῦ
500 3170 641 3238 φρονίμου
661 3171 717 3224 είτε
736 3167 771 3238 νὴ
786 3171 845 3224 Δία
862 3171 967 3260 μανίας
981 3170 1057 3233 τινὸς

38 3256 59 3294 ο.
76 3240 186 3296 Remke
260 3244 292 3294 15
312 3255 363 3309 συγ
381 3248 461 3310 ωρῶν
485 3257 507 3294 c.
532 3239 636 3294 Reiske
711 3248 744 3296 16
763 3247 823 3304 τοῖς
839 3261 876 3295 τα
894 3241 931 3311 μὴ
950 3240 1057 3311 πάτρια

39 3328 59 3366 ο.
78 3312 171 3368 Cobet
195 3329 223 3380 p.
244 3316 294 3365 119
321 3321 325 3379 Ι
351 3259 578 3392 εἰςηγηααμένοις
601 3311 624 3366 0
667 3309 892 3382 είςηγησομένοις
911 3329 935 3367 c.
954 3311 1056 3367 Portus

40 3388 70 3437 19
90 3382 211 3508 ἕλεχτθαι
229 3381 252 3438 0
272 3398 340 3436 corr.
361 3382 485 3437 Smtenis
499 3382 560 3437 Em.
574 3381 657 3437 D1on.
672 3383 698 3436 II
714 3390 748 3438 30
809 3389 844 3438 20
863 3383 1056 3459 ἀνυπευθύνῳ

41 3469 61 3508 ο.
79 3455 129 3524 Syl
151 3471 204 3523 urg
