2394 3912
453 197 613 249 -ἔ-
977 197 1040 263 381

33 357 196 442 δεθέντες,
224 358 260 422 οί
286 353 323 422 ὑὲ
351 356 483 441 πέδαις,
512 358 547 422 οί
573 355 604 422 δ’
633 359 743 443 ὥσπερ
769 359 810 423 τά
832 359 1044 443 χαλεπώτατα

31 475 92 530 τῶν
123 467 257 550 θηρίων
287 469 413 540 κλοιοῖς
440 461 497 528 καί
524 465 672 550 μύδροις.
719 466 827 542 αἰκίας
855 463 891 530 δὲ
920 467 960 550 ὑὴ
988 465 1079 534 καὺ3

32 573 321 657 προπηλακισμοὺς
352 568 407 636 καὶ
438 571 599 655 μάστιγας
624 568 679 636 καί
706 574 832 648 πόνους
861 572 897 638 ἐκ
923 574 1044 650 νυκτὸς

33 680 74 755 είς
102 678 208 742 νύκτα
240 675 297 742 καὶ
328 685 438 742 πᾶσαν
467 678 571 760 ἀλλην
600 677 752 762 ὠμότητα
779 676 833 743 καὶ
860 679 961 761 ὑβριν
988 676 1044 744 καὶ

33 784 274 870 ὑπερηφανίαν,
296 782 340 866 ἡν
363 784 597 868 ὑπεμείναμεν,
620 783 671 850 ἐῶ.
715 785 885 850 τοσούτων
908 780 971 850 οὑν
989 783 1071 850 καλε

33 891 230 973 τηλικούτων
265 888 513 974 ἀπηλλαγμένοι
545 900 655 955 κακῶν
688 891 753 956 ὑπὸ
785 900 846 956 τοῦ
873 892 1045 976 δαίμονος,

34 996 87 1079 ὑση
119 997 252 1081 σπουόὴ
286 993 343 1060 καί
374 996 517 1080 δύναμις
549 993 674 1084 ἑκάστω
702 997 839 1081 πάρεστι
867 999 1045 1082 φεύγωμεν

34 1097 83 1166 ἀπ’
109 1103 223 1170 αὑτῶν
254 1104 394 1187 ἀσμενοι
420 1102 525 1186 τύχην
553 1100 609 1166 καὶ
637 1102 721 1168 θεὸν
748 1104 843 1190 οίπερ
870 1105 955 1189 ἡμᾶς
982 1106 1045 1171 σώ-

35 1211 140 1285 ζουσιν
163 1209 332 1295 ἡγεμόνας
354 1217 412 1293 τῆς
435 1208 519 1274 ὑὺοὔ
537 1210 767 1294 ποιησάμενοι,
790 1212 933 1295 πατρίδα
952 1214 1046 1296 νομί-

36 1318 136 1394 ζοντες
158 1317 223 1400 τὴν
247 1315 446 1401 ἐλευθερίαν
468 1312 524 1380 καὶ
547 1319 694 1382 πλοῦτον
711 1315 774 1399 τὴν
792 1315 922 1401 ἀρετὴυ.
957 1325 1046 1382 πᾶσα
1060 1337 1086 1377 ιο

34 1422 89 1507 γάρ
115 1422 204 1507 ἡμᾶς
232 1419 428 1500 ὑποδέξεται
455 1429 498 1504 γὴ
522 1420 722 1503 κοινωνούς,
750 1422 790 1485 τὺ
813 1417 874 1505 μὲν
897 1420 1046 1498 ἀλύπους

36 1527 207 1613 ἐσομένους
230 1539 300 1606 τοῖς
322 1525 594 1612 ὑποδεξαμένοις,
617 1528 658 1591 τὰ
681 1524 713 1592 δ’
736 1526 933 1612 ὠφελίμους.

93 1634 224 1701 LXXX,
248 1636 510 1721 Παραόείγματα
530 1630 566 1698 &z
584 1633 714 1698 τούτων
732 1632 952 1717 γενέσθωσαν
965 1634 1046 1719 ἡμῖν

37 1745 147 1807 πολλοί
168 1765 205 1807 τε
221 1739 381 1824 Ἕλληνες
403 1741 526 1805 πολλοί
544 1761 580 1803 τε
599 1739 774 1824 βάρβαροι,
798 1741 939 1824 μάλιστα
959 1738 990 1805 δ’
1014 1742 1050 1806 οί

12 1849 155 1914 ὑ3τούτων
178 1872 215 1914 τε
234 1846 290 1914 καὶ
308 1848 404 1932 ἡμῶν
422 1849 596 1930 πρόγονοι·
621 1839 668 1910 ὧν
687 1847 724 1910 οί
739 1842 800 1930 μὲν
819 1844 887 1932 μετ’
906 1849 1047 1914 Αίνείου
1061 1869 1088 1910 ιε

38 1955 297 2032 συναναστάντες
324 1953 360 2020 ἐκ
387 1962 445 2037 τῆς
463 1951 574 2029 Ἀσίας
602 1955 648 2030 είς
671 1953 733 2037 τὴν
756 1954 925 2040 Εὐρώπην
949 1955 985 2020 ἐν
1008 1964 1047 2040 τῇ

39 2063 186 2128 Λατίνων
215 2070 257 2147 γῇ
286 2064 385 2127 πόλιν
412 2057 553 2147 ᾤκισαν,
584 2060 620 2123 οί
645 2055 677 2123 δ’
705 2059 848 2144 ὕστερον
877 2059 910 2138 ἐξ
926 2060 1049 2145 Ἄλβας

39 2150 234 2245 ἀναστάντες
251 2163 423 2251 Ῥωμύλον
446 2166 507 2249 τὴν
530 2164 686 2229 ἀποικίαν
709 2165 852 2247 ἀγοντος
875 2164 912 2230 ἐν
935 2168 1048 2232 τοῖσδε

39 2283 100 2350 τοῖς
129 2279 247 2351 τόποις
279 2274 460 2360 ίόρύσαντο
491 2271 553 2355 τὴν
585 2267 645 2354 ὑφ’
678 2271 773 2356 ἡμῶν
802 2271 1049 2358 ἐκλειπομένην.

39 2377 169 2466 ὑπάρχει
192 2403 228 2446 τε
251 2380 332 2465 ἡμῖν
356 2379 498 2462 δύναμις
522 2377 583 2443 οὐκ
602 2376 703 2466 ὀλίγρι
722 2381 847 2443 πλείων
866 2383 972 2461 μόνον
990 2361 1090 2476 τὴςΞο

40 2484 169 2566 ἐκείνοις
191 2484 386 2571 γενομένης,
411 2484 494 2550 ἀλλά
516 2482 573 2549 καί
593 2489 782 2569 τριπλασία,
805 2483 861 2551 καὶ
882 2490 1050 2572 πρόφασις

40 2592 221 2681 δικαιοτέρα
250 2603 308 2678 τῆς
337 2593 616 2678 μεταναστάσεως,
663 2592 699 2658 οί
726 2589 788 2677 μέν
823 2616 860 2675 γε
890 2592 922 2672 ἐξ
948 2591 1051 2662 Ἰλίου

41 2700 292 2779 μεταναστάντες
323 2699 388 2764 ὑπὸ
420 2703 588 2781 πολεμίων
622 2696 860 2781 ἐξηλαύνοντο,
892 2700 987 2784 ἡμεῖς
1015 2698 1046 2766 δ’

42 2804 181 2872 αὐτόθεν
209 2805 275 2870 ὑπὸ
303 2807 426 2888 φίλων·
459 2803 683 2889 ἐλεεινότερον
712 2800 750 2870 ὑὲ
774 2806 884 2889 ὑὴπου
907 2807 944 2872 τὸ
968 2808 1052 2894 πρὸς

106 3032 170 3089 Ῑοί
186 3031 218 3088 ὑὲ
237 3032 339 3096 πέδαις
358 3031 457 3086 om.A
493 3028 523 3085 οἱ
539 3028 570 3085 δέ
589 3033 691 3089 nand..
715 3032 762 3086 Ba
819 3032 979 3107 4<είς>Β
1035 3043 1052 3091 ὁ

43 3097 87 3156 οὑν
104 3104 199 3160 οω.Β
272 3109 402 3172 8τνχεῐν
420 3102 466 3155 Ba
534 3099 735 3172 9ἡγεμόναο
772 3103 913 3174 ἡγεμόνας
932 3106 1053 3176 Sylburg

45 3177 72 3225 12
93 3176 141 3230 καί
163 3177 321 3246 ὠφελίμους
344 3191 366 3227 ο.
386 3171 529 3242 Kiessling
621 3180 655 3228 14
673 3179 798 3230 πλεῖστοι
821 3195 851 3231 τε
872 3176 1011 3301 ηρίρβαροι
1028 3178 1054 3232 Α

45 3249 73 3296 16
91 3245 185 3302 Αἰνεία
204 3247 251 3301 Ba
336 3253 368 3300 21
388 3244 580 3318 τριπ<λ>ασια
603 3245 650 3299 Bb
675 3250 680 3314 Ι
706 3242 825 3310 ἐκείνοις
845 3247 871 3300 A

45 3311 157 3388 Sylburg
225 3325 259 3372 22
278 3313 374 3386 μέντοι
392 3315 467 3386 γεΑ
503 3315 554 3388 μέν
573 3317 646 3387 γεΒ
711 3325 746 3372 24
765 3320 855 3388 φίλων
874 3321 899 3373 Α
937 3323 1053 3391 φιλείων

44 3382 85 3474 Βμ
106 3392 219 3514 ἁηιλὲων
239 3388 285 3442 Bb
303 3394 306 3455 Ι
323 3382 445 3442 ἐλεεινὸν
466 3387 488 3442 0
527 3383 715 3460 ἐλεεινότερον
736 3389 858 3461 Sylburg
878 3395 908 3446 et
925 3391 1029 3448 Reiske
1048 3392 1052 3466 Ι

45 3474 105 3512 τοει
145 3505 150 3516 ,

936 3244 1053 3304 ἐκείνων
